3138 4884
274 366 360 434 1986
641 381 678 456 c.
696 378 819 428 eursu
843 379 1007 430 sscunnr

276 527 317 592 de
342 526 429 592 ulvis
452 524 644 590 existimat.¹
688 522 780 588 Ante
808 521 930 588 labus*
965 524 1117 614 florentes
1140 530 1287 588 excunt²
1318 523 1362 590 ud

276 649 380 713 opem
407 635 442 692 et
463 629 607 703 labores,
622 626 814 709 nullusque,
835 646 910 691 cum
934 646 993 710 per
1014 627 1136 691 coelum
1159 627 1262 704 licuit,
1293 628 1362 692 otio

275 731 363 811 parit
377 729 458 793 dies.
503 728 651 792 Primum
667 722 782 791 sar0s¹
803 733 1012 805 construunt,
1027 746 1136 791 ceram
1152 725 1286 808 lingunt,
1300 725 1365 791 hoc

277 834 340 908 est,
366 829 483 894 domos
505 827 676 911 cellasque
707 825 847 892 faciunt.
895 826 1024 891 Deinde
1055 827 1216 905 sobolem,
1247 835 1366 911 postea

274 931 384 1007 mella,
397 949 505 996 ceram
521 949 564 994 ex
585 929 733 1006 floribus,
748 929 946 1011 melliginem
956 937 977 964 '¹¹
999 929 1189 1013 elacrymis
1201 931 1366 1006 arborum,

276 1051 352 1114 quae
381 1032 567 1112 glutinum·
604 1033 749 1148 pariunt,
770 1030 897 1108 salicis,
922 1032 1016 1106 ulmi,
1045 1029 1225 1106 arundinis,
1249 1047 1365 1106 succo,

275 1132 410 1212 gummi,
425 1134 547 1198 resina.
573 1133 638 1198 His
653 1135 816 1217 primum⁰
837 1134 993 1198 alveump
1015 1133 1122 1216 ipsum
1134 1133 1221 1196 intus
1237 1137 1364 1205 lotum,3

275 1241 314 1298 ut
328 1236 472 1317 quodam
489 1235 645 1310 tectorio,
681 1234 821 1312 illinunt,
852 1245 885 1299 et
907 1234 983 1297 aliis
1008 1234 1226 1297 amarioribus
1252 1232 1365 1296 succis

276 1342 392 1399 contra
406 1335 545 1399 aliarum
561 1336 776 1399 bestiolarum
792 1334 991 1398 aviditates:
1014 1335 1049 1398 id
1073 1355 1111 1399 se
1126 1335 1270 1398 facturas
1284 1353 1365 1398 cou-
1423 1355 1425 1360 ’

275 1437 369 1514 sciae,
397 1437 488 1519 quod
513 1437 713 1520 concupisci
736 1437 858 1519 possit.
904 1436 972 1500 His
989 1436 1109 1500 deiude
1132 1437 1219 1500 fores
1234 1454 1366 1519 quoque

275 1536 411 1602 latiores
424 1539 732 1603 circumstruunt.⁴‘¹

323 1655 371 1700 vr.
393 1642 490 1716 (vir.)
513 1639 625 1703 Prima
638 1639 852 1702 fundamenta
866 1639 1052 1702 commosin
1064 1645 1095 1676 ¹¹
1116 1643 1239 1702 vocant
1253 1637 1365 1720 periti,

277 1740 426 1803 secunda
440 1743 642 1824 pissoceros,
657 1741 751 1805 tertia
761 1740 928 1824 propolim
944 1740 1030 1804 inter
1045 1740 1157 1804 coriu⁵
1172 1731 1364 1822 cerasque:²

275 1841 444 1922 magni'ad
471 1841 705 1906 medicamina*
725 1860 821 1904 usus.
865 1840 1078 1906 Commosis³
1100 1846 1209 1904 crusta
1232 1847 1286 1904 cst
1301 1842 1366 1923 pri·

275 2086 310 2134 lt.
319 2087 348 2134 de
358 2085 393 2133 eiu
402 2085 471 2134 aliter
480 2083 521 2149 (de
531 2086 587 2135 aliie
601 2083 699 2150 cuim.)
714 2085 837 2135 extritum
852 2086 964 2136 Turneb.
984 2099 1026 2134 nee
1042 2091 1068 2134 ut
1085 2085 1205 2148 quiem
1215 2085 1240 2132 iu
1254 2083 1327 2133 ltuliu
1337 2087 1368 2132 de

274 2151 404 2212 Μυσίης.
415 2150 529 2199 Gronov.
542 2157 568 2199 et
580 2150 613 2198 al.
626 2159 687 2199 unte
700 2149 827 2199 Hurduiu.
849 2151 922 2200 ‘Ma
941 2152 969 2199 de
985 2152 1056 2200 utils:
1074 2151 1141 2211 lego,
1151 2151 1180 2197 de
1190 2147 1257 2197 illis!
1274 2149 1368 2197 Dalec.

275 2218 324 2262 —2
342 2214 383 2262 lle
400 2214 476 2263 codd.
491 2214 627 2276 Harmiai,
640 2215 729 2263 Dolet.
747 2221 773 2264 et
785 2212 868 2263 chiffl.
880 2229 938 2264 cnm
950 2213 1010 2263 edd.
1024 2213 1149 2262 liarduin.
1160 2217 1183 2260 l.
1195 2217 1219 2260 Ξ.
1235 2216 1258 2261 8.
1269 2211 1367 2264 Miller.

275 2277 382 2340 Bipout.
399 2288 425 2326 er
438 2279 528 2328 Franz.
540 2277 655 2340 fluentes
669 2293 742 2341 neque
753 2284 839 2328 :amnt
850 2278 961 2328 Tarneb.
971 2277 1088 2340 florenter
1097 2292 1143 2326 nou
1154 2282 1240 2325 exeunt
1251 2275 1367 2326 Gronov.

276 2349 304 2390 et
315 2342 348 2390 al.
361 2352 421 2390 ante
434 2343 611 2392 Haedum-³
625 2343 634 2369 ⁴
648 2341 755 2392 Aristot.
768 2343 837 2391 illut.
850 2340 936 2392 Anim.
946 2355 985 2392 rx.
997 2346 1116 2397 ctutum.
1128 2356 1155 2389 oc
1166 2341 1237 2389 etium
1247 2341 1367 2403 pauimen-

276 2404 345 2455 tum!
363 2407 503 2455 Delon-l
519 2408 526 2434 ‘
538 2407 560 2455 E
571 2407 645 2454 Vsrr.
657 2413 685 2454 et
697 2407 806 2456 Aristot.
817 2407 834 2455 l.
846 2421 870 2454 e.
883 2405 1123 2455 circumcludunt?
1142 2404 1223 2453 idern.

309 2470 376 2518 Car.
389 2483 426 2518 rr.
449 2474 461 2517 l
480 2471 523 2518 Ite
534 2468 609 2519 codd.
623 2469 760 2529 Haudnini,
775 2469 887 2520 Colb.‘l.
899 2476 923 2520 2.
933 2479 958 2520 et
971 2471 1053 2519 Paris.
1066 2484 1123 2517 cum
1135 2469 1195 2517 edd.
1208 2467 1332 2516 Harduln.
1344 2470 1368 2516 1.

276 2537 300 2581 2.
311 2536 335 2581 8.
348 2534 445 2583 Miller.
461 2535 567 2598 Bipout.
576 2541 603 2583 et
614 2535 704 2583 Franz.
718 2533 846 2583 Commisit:
856 2534 937 2597 Regu.
951 2533 1034 2582 llard.
1047 2538 1070 2583 l.
1081 2537 1106 2582 Ἄ.
1118 2533 1194 2597 miluo
1205 2533 1268 2581 Vct.
1277 2533 1366 2580 Drlec.

277 2597 364 2647 Parm.
381 2605 408 2648 et
424 2599 578 2647 venun-2
596 2598 686 2648 Dalec.
697 2602 873 2662 cercenna-u
891 2600 973 2661 Melpo
984 2598 1045 2649 Vel.
1060 2597 1155 2647 Delec.
1171 2595 1250 2661 Mitys
1261 2594 1369 2646 Aristot.

308 2801 401 2853 *Ante
418 2804 502 2866 sulus]
533 2805 603 2856 Ante
625 2808 688 2856 ldas
710 2807 802 2856 Maius.
842 2808 939 2858 sionem
958 2807 1073 2857 nruteriae
1091 2805 1234 2869 adjungunt
1254 2804 1368 2866 ostiis,si

276 2878 343 2928 Vide
356 2880 440 2928 Notae
453 2887 480 2928 et
493 2881 603 2931 Emend.
614 2887 721 2931 numo.
812 2901 814 2906 ·
842 2884 1015 2933 latiorasuut.
1046 2878 1368 2932 murmurantem·

309 2952 316 2987 ¹
332 2956 527 3020 Primumsouoo]
543 2956 661 3020 Accepta
676 2959 731 3006 hue
742 2965 802 3008 snut
842 2960 1024 3022 μικοδομοῦσιν,
1041 2957 1082 3006 ἐὰν
1100 2959 1184 3020 εὐρεῖαι
1200 2955 1264 3006 doru.
1286 2955 1370 3006 Arist.

274 3027 408 3094 deinceps,
425 3047 482 3094 qum
500 3034 598 3097 reliquo
613 3034 660 3082 hoc
672 3047 729 3095 cap.
741 3047 801 3082 oon·
843 3032 968 3083 Albertus
981 3034 1053 3095 item,
1063 3047 1096 3082 ex
1108 3032 1272 3096 Philosoplm,
1283 3039 1312 3079 nt
1323 3045 1370 3094 up·

277 3106 402 3170 linantur,
413 3122 446 3156 ex
459 3109 540 3158 Arist.
552 3109 652 3159 Hirtor.
665 3109 748 3161 Anim.
760 3124 800 3160 rx.
843 3117 927 3171 puer,
940 3109 973 3158 de
986 3108 1072 3158 Auim.
1087 3123 1151 3158 vrrs.
1161 3113 1185 3157 4.
1197 3112 1221 3157 8.
1241 3122 1301 3171 pag.
1311 3110 1370 3158 26⁷.

275 3185 316 3230 ol.
328 3196 354 3243 p.
367 3185 438 3231 11⁰8.
842 3187 851 3213 ⁴
861 3186 895 3234 El
907 3186 928 3233 ui
940 3184 1076 3246 foramine,
1087 3199 1131 3246 per
1141 3197 1198 3247 que
1209 3190 1269 3232 suut
1280 3183 1370 3231 introi·

308 3262 326 3288 ⁸¹
337 3257 499 3320 Melltginem]
515 3259 621 3322 Melligo
632 3261 801 3322 eoeelnrpri·
843 3265 893 3322 tus,
908 3259 977 3309 forte
995 3259 1060 3320 liunt
1078 3261 1152 3308 nimiu
1170 3261 1264 3324 supple,
1283 3260 1369 3322 lurjns·

275 3345 345 3380 mum
367 3333 444 3381 veluti
473 3334 620 3389 tectorium,
648 3347 698 3396 quo
720 3335 802 3383 solum
842 3335 910 3386 modl
923 3333 1014 3387 florum
1026 3335 1203 3385 illinitionibur
1213 3335 1369 3385 strictorem

276 3421 339 3471 spes
361 3409 498 3470 obliniunt,
520 3415 613 3458 contra
634 3407 801 3460 bestiolarum
841 3410 960 3462 faciunt!

275 3483 402 3532 incursus.
874 3495 883 3520 ¹
899 3487 1042 3550 Commoris]
1055 3485 1120 3536 Vide
1132 3487 1215 3536 Notat
1225 3493 1251 3535 et
1262 3485 1370 3535 Emeud.

309 3565 321 3590 ¹²
338 3558 399 3612 Qua
407 3557 537 3622 glutinum]
554 3558 619 3609 Quae
632 3563 692 3608 snut
703 3573 804 3625 quoquo
841 3576 912 3612 num.
926 3566 951 3611 o.

277 3632 353 3682 modo
373 3633 524 3696 glutinosa:
543 3649 600 3697 quse
613 3649 717 3684 succum
730 3648 804 3684 exen-
873 3647 883 3671 ·
899 3638 968 3687 luter
981 3638 1056 3701 corio]
1071 3638 1146 3686 Inter
1157 3637 1243 3700 priore
1253 3634 1304 3685 duo
1316 3635 1369 3684 rel·
1438 3689 1442 3698 ,

276 3709 339 3758 daut
358 3710 453 3773 gummi
470 3711 510 3758 vel
528 3711 620 3760 resinae
641 3709 726 3760 modo.
760 3711 803 3760 De
842 3714 879 3763 uti
892 3714 1012 3770 tectoria,
1025 3713 1162 3778 commosin
1177 3726 1278 3774 nempe,
1290 3712 1369 3774 pisso·

277 3786 362 3835 salicis
374 3800 451 3834 urreco
463 3798 541 3835 xxrv.
556 3790 596 3835 tl.
616 3788 677 3839 ulmi
695 3801 752 3851 cap.
763 3791 806 3838 ur.
841 3802 980 3852 oerouque,
997 3794 1024 3836 et
1036 3785 1152 3836 surorum
1164 3801 1257 3837 ceram.
1289 3785 1321 3834 lu
1334 3801 1369 3835 re·

276 3861 408 3911 arundinis
419 3875 442 3910 e.
453 3867 494 3911 ⁵⁰.
842 3863 934 3914 dificile
956 3871 1055 3912 crustas
1078 3870 1105 3912 et
1130 3863 1269 3911 linamenta
1290 3861 1370 3911 celsis

306 3945 318 3970 ⁰
335 3937 507 4001 Hirminum]
525 3937 607 3987 Arist.
617 3953 643 4000 p.
656 3940 729 3986 noa.
843 3945 995 3998 satureum,
1014 3938 1103 3999 luriue,
1121 3937 1207 3986 Latini
1223 3937 1293 3985 corin
1304 3950 1368 3984 nun·

307 4013 449 4076 ¹¹Aternus]
473 4013 560 4061 Aluum
571 4011 801 4080 Mesomuesnbi·
842 4011 1270 4076 cnpaut:nostrates‚descouclee.
1301 4011 1368 4060 lude

276 4099 326 4149 que
345 4087 485 4136 exhibent:
504 4095 530 4136 et
546 4089 630 4136 ulrum
652 4100 697 4149 pro
718 4086 802 4149 alveo,
841 4086 919 4136 ducta
932 4087 1090 4148 metaphora.

278 4173 321 4210 seu
335 4163 552 4216 circumvenere:
566 4163 657 4226 pmdrn
671 4162 769 4211 dixere.
872 4165 880 4194 ⁸
895 4162 935 4210 Ad
949 4161 1115 4226 medicamina]
1139 4163 1183 4213 De
1201 4163 1242 4213 his
1262 4175 1368 4227 egemus

308 4243 320 4278 t
339 4237 540 4302 Circnuutnmut]
567 4239 626 4288 lloc
644 4246 694 4300 eut,
712 4251 799 4288 acees-
841 4250 914 4287 xxn.
926 4240 967 4286 td.
