3142 4882
302 402 388 467 2092
635 407 692 461 'n
718 413 835 462 rnrun
859 414 1023 464 snounnr

304 557 480 625 innnihneb
511 561 623 620 cavus.
653 539 790 620 ⁴Puncu
816 577 890 621 enm
913 556 968 641 (ut
990 558 1114 622 dictum
1137 561 1227 636 est0)
1258 559 1386 624 hubent

304 659 474 742 aquatilia.
517 657 565 722 At
579 655 734 721 ceteru¹d
750 677 815 722 orn
826 659 989 740 parientia
1002 661 1169 740 exiguum,
1180 681 1387 743 spumosum,

302 779 364 824 neo
392 759 622 839 sanguineum:
652 757 729 822 ideo
760 779 823 822 non
850 760 976 822 sitiunt.
1020 759 1148 824 Eadem
1177 768 1230 824 est
1259 771 1387 835 cause:

304 877 405 942 quere
426 859 488 923 snb
511 877 598 940 eque
619 857 678 922 diu
698 877 787 924 renue
813 866 847 922 et
870 858 988 941 phocae
1010 861 1188 925 nrinentur.
1230 859 1384 924 Testudo

303 953 621 1041 qnoque,fquumrls
645 957 868 1040 praegrandem
884 965 919 1021 et
932 959 995 1022 sub
1020 964 1092 1022 toto
1117 964 1304 1040 tegumento
1327 960 1387 1024 he·

301 1059 389 1132 beet,
404 1057 475 1119 sine
491 1057 648 1138 sangnine
663 1063 773 1121 temen
796 1057 907 1121 hahet.
951 1056 1085 1133 Quanto
1105 1058 1211 1120 minor
1233 1058 1287 1122 hic
1311 1079 1385 1123 cor·

302 1157 451 1240 poribus,
476 1163 569 1220 tanto
590 1157 752 1220 velocitas
780 1155 897 1239 major.
940 1155 1211 1222 Chamaeleoni³¹
1233 1159 1385 1240 portione

302 1258 480 1334 maximoe,
495 1264 529 1320 et
543 1256 622 1320 nihil
638 1254 753 1320 uliudl
776 1257 878 1321 intnS.

345 1373 490 1420 nxxtrr.
511 1356 615 1420 Jecur
629 1358 662 1421 in
685 1355 817 1420 dextra*
839 1365 931 1441 perte
947 1367 1024 1422 est:
1047 1361 1080 1422 in
1094 1356 1153 1422 troj
1176 1359 1264 1441 quod
1281 1364 1385 1441 eaput

300 1464 453 1524 extorum
472 1465 608 1534 vocent,
634 1475 762 1540 magnae
789 1457 971 1522 varietatis.
1017 1459 1067 1524 M.
1087 1455 1269 1524 Marcellol
1292 1459 1384 1523 circu

752 1653 931 1678 “eunoun

300 1782 359 1832 edd.
371 1781 497 1832 Herduin.
516 1788 537 1832 1.
554 1789 578 1834 ι.
593 1789 618 1834 s.
633 1786 729 1834 Miller.
741 1787 846 1849 Bipont.
854 1795 881 1837 et
893 1788 983 1836 Frtue.
1009 1787 1159 1850 opuntiiieec
1170 1791 1256 1834 cetere
1267 1784 1383 1834 Grouer.

299 1853 326 1895 et
338 1846 370 1894 sl.
382 1851 493 1896 vett-t
505 1847 546 1896 Ite
556 1849 631 1897 codd.
644 1849 780 1911 hirmuini,
789 1865 846 1900 curn
858 1850 917 1900 edd.
930 1851 1057 1902 flurdnin.
1067 1855 1090 1902 l.
1098 1855 1123 1901 ι.
1134 1853 1157 1900 t.
1169 1850 1263 1900 Miller.
1275 1849 1383 1912 Bipont.

300 1915 327 1958 et
344 1909 433 1960 Franz.
452 1911 618 1962 Chomoelmuti
629 1913 687 1963 edd·
697 1921 761 1963 vett.
770 1921 797 1964 et
806 1915 918 1972 Gronov.

329 2179 459 2232 ''Fistulis
475 2184 592 2250 inertibus]
612 2185 728 2250 Σύριγγας
745 2197 821 2238 vocet
857 2188 920 2238 illud
943 2189 968 2237 in
988 2188 1062 2248 lere,
1081 2187 1106 2236 in
1124 2187 1219 2236 dentre
1237 2183 1304 2234 foret
1322 2184 1383 2247 iste,

298 2255 477 2320 Philosophus.
495 2261 679 2325 Frequentibus
687 2263 821 2326 pulmeee·
858 2265 938 2312 visunt
956 2279 972 2313 e
993 2279 1021 2313 se
1043 2261 1141 2313 Medici
1162 2268 1290 2311 testentur
1309 2261 1381 2323 epod

298 2331 382 2379 vernis
400 2331 463 2392 hiet,
481 2347 542 2396 ques
553 2346 625 2384 vene
638 2345 779 2401 permeant,
794 2336 820 2385 iu
855 2338 1025 2388 deheuelrium
1042 2337 1152 2387 Obrerr.
1167 2335 1263 2386 idedie.
1280 2335 1324 2385 lih.
1337 2349 1384 2386 ιιι.

297 2404 389 2467 quihus
400 2406 535 2468 plurimum
548 2411 686 2472 sanguinis.
857 2427 916 2476 pag.
929 2417 987 2462 til.

329 2487 339 2514 ι
359 2481 393 2529 Ut
403 2481 492 2531 dietum
502 2484 548 2546 est]
565 2485 622 2534 Lib.
634 2497 672 2536 tr.
683 2490 709 2536 6.
885 2485 894 2530 l
912 2489 990 2552 loeo]
1015 2487 1046 2536 In
1058 2488 1158 2551 jecore.
1191 2487 1277 2550 Ceput
1284 2485 1381 2548 jecoris

328 2554 391 2604 ‘As
414 2557 502 2621 esim]
529 2561 641 2622 Lueerti,
666 2559 820 2624 testudines,
855 2574 888 2610 ex
899 2563 968 2610 omni
980 2567 1053 2626 perte
1071 2559 1267 2623 diligentissime
1282 2560 1382 2622 aruspi-

296 2645 366 2681 eres.
399 2629 480 2681 Arist.
496 2632 544 2683 loo.
556 2636 601 2684 eit.
614 2641 641 2684 et
651 2633 775 2684 Alhertns
787 2635 820 2684 ds
856 2649 900 2686 ees
911 2636 1085 2688 considerasse
1102 2635 1181 2684 trudit
1196 2640 1224 2684 et
1242 2635 1334 2684 Cleero
1345 2633 1381 2683 de

296 2705 405 2755 nointel.
415 2719 478 2757 xtrr.
491 2712 515 2759 o.
528 2722 586 2771 ρας.
598 2712 654 2759 llud.
686 2709 819 2758 VldeNo-
855 2711 944 2760 Divin.
960 2710 1005 2759 lth.
1016 2723 1047 2758 ιι.
1066 2724 1125 2772 pag.
1137 2712 1193 2757 224.
1226 2707 1382 2758 Plutarchus

299 2787 337 2828 tes
348 2789 375 2830 et
386 2782 496 2832 Eruend.
507 2797 576 2832 nunt.
587 2789 628 2832 99.
855 2783 881 2832 ln
893 2785 1029 2845 Marcello,
1041 2797 1098 2846 pag.
1106 2786 1162 2830 tlh.
1173 2782 1281 2844 seponis
1289 2781 1381 2840 literas

327 2857 579 2919 ‘Euderuesteenan
604 2859 671 2909 Quis
686 2872 819 2923 spumosus
854 2866 939 2907 vocet.
966 2857 1053 2908 Ceteri
1065 2857 1205 2918 scriptores
1216 2856 1311 2912 Latini,
1320 2869 1381 2906 eunt

295 2935 346 2991 est,
363 2939 390 2978 et
407 2929 540 2992 lungosns,
557 2933 692 2994 plurimum
709 2933 775 2982 ue'ris
792 2934 817 2982 in
855 2933 950 2996 Plinio,
974 2933 1025 2981 κατ’
1047 2931 1131 2994 ἐξοχὴν
1151 2936 1229 2993 ceput
1249 2937 1381 2982 extorum.

295 3018 323 3054 se
334 3005 476 3066 continens,
492 3021 543 3070 quo
553 3021 603 3056 uno
614 3007 781 3072 refrigeretur
791 3007 817 3057 ld
855 3007 921 3057 Pers
932 3013 971 3057 est
978 3007 1074 3072 jecoris
1085 3005 1211 3070 superior,
1224 3005 1339 3068 gibbers.
1352 3013 1381 3056 et

293 3079 480 3144 genunebrnde
489 3083 620 3146 eliquanto
628 3089 752 3148 tempore,
758 3083 817 3133 dnm
854 3082 973 3138 rotunde,
985 3082 1120 3132 Laconicen
1131 3079 1267 3130 testudinis
1277 3081 1337 3132 ritu.

294 3155 341 3204 suh
353 3171 419 3219 eque
430 3165 478 3206 est.
512 3157 592 3208 Arist.
604 3159 653 3208 loe.
664 3159 709 3208 cit.
885 3155 898 3189 ¹
913 3157 952 3205 Μ.
964 3156 1089 3219 Marcello]
1107 3155 1260 3206 Pluterehue
1274 3157 1323 3208 loe.
1334 3157 1380 3206 eit.

326 3228 336 3262 ¹
351 3232 450 3279 Testndo
461 3233 560 3297 quoque]
575 3232 652 3282 Arist.
663 3233 713 3284 loc.
724 3235 769 3284 eit.
854 3231 973 3280 Vulerlns
984 3230 1058 3280 Mu.
1071 3243 1091 3281 1.
1102 3235 1126 3279 d.
1137 3233 1161 3278 9.
1174 3228 1207 3280 de
1217 3230 1256 3279 Μ.
1266 3230 1380 3281 Meroet-

325 3306 524 3371 sctammnt]
549 3308 703 3358 Plutarchus
722 3308 754 3360 de
770 3309 816 3360 80.
854 3305 896 3353 lo:
921 3304 967 3352 ‘Is
989 3312 1121 3366 capturum
1143 3305 1324 3368 Syracuserum
1348 3314 1378 3356 et

292 3383 352 3430 lert.
370 3381 455 3430 hnim.
475 3397 508 3430 ex
526 3383 711 3447 Theophrasto,
728 3399 816 3449 purum
855 3377 1010 3428 Hennihulie
1028 3386 1089 3428 nute
1106 3379 1209 3427 Nolens
1219 3379 1377 3430 moeuissse

293 3455 381 3504 abesse
390 3455 489 3514 serihlt,
497 3457 556 3519 quin
566 3463 647 3506 totum
655 3470 747 3522 eorpus
760 3461 816 3523 pul·
852 3451 962 3514 primum
973 3450 1062 3514 filim
1080 3452 1163 3502 ⁰⁰¹⁰ll
1181 3454 1261 3515 ⁸¹⁰⁶·
1277 3453 1378 3504 ludum-

293 3543 367 3578 rnone
379 3529 413 3577 sit
425 3529 538 3592 plenum.
852 3533 946 3587 mutus,
963 3540 1021 3575 eunt
1038 3539 1135 3575 surnnro
1145 3525 1229 3576 studio
1240 3527 1377 3591 niteretur,

324 3601 335 3635 ¹¹
354 3603 387 3651 El
403 3603 465 3653 nihil
482 3605 559 3668 uliud]
581 3605 612 3654 In
630 3606 722 3657 ludite
741 3608 814 3673 hujus
852 3610 881 3652 ut
893 3601 1031 3651 Poenorum
1043 3601 1186 3650 exereitum
1204 3609 1249 3652 snt
1260 3603 1286 3651 in
1298 3603 1377 3656 ltelie

292 3678 356 3728 loon
374 3678 489 3730 ‘Quibus
508 3680 660 3729 animantur
671 3681 735 3730 utnn
746 3683 814 3731 atiud
852 3681 1038 3740 prosterneret
1053 3682 1099 3725 ιιι
1115 3675 1193 3724 1919
1209 3676 1326 3739 perteret,
1336 3693 1378 3728 so·

292 3767 367 3819 quent
381 3755 467 3817 pnlrue
479 3753 565 3802 intus)
585 3755 725 3804 Temeude
737 3756 815 3806 eorde
852 3751 970 3815 tenuique
992 3751 1118 3800 reeriheio
1138 3753 1283 3801 voluntates
1303 3755 1376 3804 Deo·

291 3827 476 3877 dirimerent.
489 3832 530 3878 tl.
561 3828 728 3891 Deejnedem
741 3830 815 3892 jeeo·
852 3840 906 3876 rum
928 3827 1084 3890 exploraret,
1108 3840 1165 3890 quse
1189 3827 1273 3890 prlme
1293 3829 1377 3879 hostis

291 3903 327 3950 ris
342 3902 496 3965 prestentis
512 3901 538 3950 in
557 3901 685 3952 medicine
701 3901 815 3955 dremne
852 3909 912 3950 ente
922 3901 1034 3950 foculum
1046 3900 1151 3964 decidit,
1169 3901 1225 3964 ejus
1233 3902 1308 3966 jecur
1319 3904 1375 3954 eine

291 3989 391 4027 xxvrn.
403 3981 444 4026 99.
851 3978 937 4041 cupite
949 3977 1079 4026 inventum
1091 3982 1148 4024 est=
1166 3979 1280 4040 proximu
1294 3989 1376 4045 ceput

322 4051 544 4115 ¹Jeesrindextru]
556 4053 636 4103 Arist.
648 4053 719 4104 iiiut.
728 4054 814 4104 Anlm.
846 4052 970 4116 jocinoris
980 4051 1077 4112 duplex
1087 4049 1226 4103 hebuit...
1237 4087 1244 4104 .
1268 4055 1308 4104 Ite
1316 4071 1375 4106 mo.

291 4139 323 4176 rr.
341 4129 381 4176 19.
399 4141 458 4189 psp.
476 4131 533 4176 969.
565 4125 712 4191 Aliquando
729 4135 814 4178 tumen
851 4126 920 4175 nitus
937 4125 975 4173 Μ.
992 4123 1140 4186 Marcellus,
1159 4128 1263 4191 nequid
1275 4135 1375 4182 temere

285 4200 382 4265 jecoris
393 4213 423 4250 ee
435 4200 507 4251 lienis
519 4207 679 4265 permutetur
688 4201 773 4267 sedes,
783 4209 813 4252 ut
850 4205 996 4262 conaretur,
1021 4197 1166 4264 insequenti
1184 4210 1262 4254 noete
1281 4217 1375 4269 specu·
