3106 4886
505 412 591 462 uir.
615 413 714 462 nrsr.
738 413 809 460 crs.
835 411 905 462 xrr.
926 399 980 462 42.
1193 401 1283 466 2223

189 558 305 633 imbre,
326 555 453 622 cmdure
464 563 511 602 Μ
533 565 671 621 naturae.
716 555 871 639 Gignitur
885 559 918 621 iu
934 560 1042 640 planis
1057 561 1205 644 quidem,
1220 562 1280 626 sed

189 658 397 724 densissimis
411 660 444 722 in
460 659 628 741 vepribus,
643 659 836 742 rubisque,¹³
861 658 1006 724 difficilis
1019 662 1172 726 collectu.
1207 663 1280 728 Me-

189 763 289 824 titur¹
311 779 376 825 non
391 762 456 824 nisi
471 761 657 842 permiserit
672 759 766 824 Deus
780 780 789 824 ι
811 761 849 844 (J
853 768 970 825 ovem*
992 761 1080 826 huuc
1095 764 1280 846 intelligunt

188 863 308 944 aliqui:
332 860 534 926 Assabiuum
557 862 607 926 illi
632 859 788 945 vocautz)
817 878 923 926 xnrv.
954 865 1064 939 boum,
1090 883 1280 947 caprarum·

187 983 262 1048 que,
294 971 328 1026 et
355 964 490 1026 arietum
520 964 608 1028 extis
638 963 833 1046 impetratur
862 966 959 1029 venia
989 965 1151 1031 caedendi.
1200 965 1279 1031 Non

187 1074 299 1130 tomen
316 1072 465 1129 nutante
487 1071 594 1128 ortum
610 1065 702 1128 Solis
717 1071 776 1129 aut
794 1073 870 1146 post
885 1084 1046 1131 occasum
1066 1067 1156 1130 licet.
1201 1067 1278 1131 Sor·

187 1174 300 1230 menta
322 1166 418 1229 hasta
431 1165 551 1230 dividit
570 1166 739 1240 sacerdos,
758 1167 900 1249 Deoque
919 1175 1046 1250 partem
1070 1169 1181 1250 ponite
1203 1169 1279 1233 reli·

187 1287 290 1350 quum
304 1274 466 1330 mercator
480 1267 514 1330 in
530 1287 660 1332 massas
673 1272 700 1314 ¹⁴
721 1269 845 1331 condit.
889 1269 951 1332 Est
964 1277 999 1332 et
1013 1269 1081 1333 ulia
1095 1270 1186 1334 sama
1201 1289 1279 1333 curn

187 1369 266 1432 Sole
292 1367 409 1445 dividi,
434 1375 613 1451 ternasque
639 1376 752 1451 partes
775 1369 864 1433 fieri:
888 1369 966 1434 dein
988 1379 1078 1434 sorte
1096 1371 1280 1452 gemina¹⁵⁸

186 1469 332 1533 discerni
344 1479 373 1532 τ’
395 1469 551 1552 quodque
567 1470 664 1534 Soliu
680 1470 821 1532 cesserit
835 1469 990 1553 relinqui,
1005 1489 1047 1536 ac
1063 1477 1183 1554 sponte
1199 1489 1279 1535 con·

187 1569 338 1648 flagrare.

230 1671 431 1753 Praecipua'
461 1671 594 1736 bonitas
623 1670 842 1752 virgultorum
879 1669 1083 1732 tenuissimis
1115 1670 1278 1753 partibus,

186 1771 229 1834 ad
244 1771 485 1854 longitudinem
499 1771 614 1854 palmi.
657 1768 815 1834 Secunda
828 1769 992 1851 proximis
1008 1769 1162 1833 breviore
1184 1791 1278 1834 men-

186 1891 274 1949 sura,
290 1879 391 1956 atquo
413 1874 461 1937 ita
480 1873 602 1937 ordine.
646 1871 869 1946 vilissimum,
883 1870 973 1953 quod
988 1870 1160 1935 radicibus
1175 1891 1278 1953 prox-

185 1973 300 2050 imum,
325 1973 482 2054 quoniam
514 1972 561 2035 ibi
591 1972 760 2035 minimum
789 1972 937 2048 corticis,
969 1971 1003 2033 in
1041 1990 1110 2055 quo
1148 1991 1279 2036 summa

185 2073 340 2154 gratiae¹⁶
384 2072 462 2151 Quo
477 2074 519 2137 de
533 2091 638 2138 causa
653 2072 867 2155 praeferuntur
886 2072 1072 2147 cacumina,
1093 2073 1152 2135 ubi
1174 2073 1279 2156 pluri-

184 2193 257 2238 mus
281 2181 407 2238 cortex.
453 2173 568 2256 Ipsum
594 2191 671 2235 vero
696 2173 820 2254 lignum
844 2171 877 2234 in
903 2170 1037 2236 fastidio
1054 2179 1117 2250 est,
1144 2181 1278 2260 propter

185 2276 340 2355 origani'
371 2275 611 2337 acrimoniam:
642 2273 967 2355 xylocinnamomum
996 2281 1145 2336 vocatur.
1197 2275 1278 2337 Pre-

185 2375 296 2439 tium¹
321 2381 372 2446 est
393 2376 427 2439 in
451 2374 552 2438 libras
569 2381 668 2437 xx.¹⁷
714 2371 863 2450 Quidam
884 2373 1031 2438 cinnami
1054 2374 1121 2438 duo
1136 2382 1278 2457 generoy

217 2551 227 2576 ²
244 2542 356 2604 Repetite
367 2542 453 2590 iterum
468 2541 634 2592 mliortilimre
645 2541 757 2603 dicuni,
769 2555 822 2603 qrrae
836 2539 875 2589 cui
885 2542 917 2590 rit
932 2542 1057 2591 tribuenda
1065 2557 1139 2606 pora:
1155 2557 1206 2606 para
1218 2541 1278 2604 Soli,

184 2621 235 2670 quoe
246 2608 313 2669 doci,
324 2621 376 2671 qua
388 2607 519 2656 mercatori.

670 2682 820 2702 0000000000

185 2781 408 2832 nerduinum-ra
424 2784 484 2831 Vct.
505 2782 598 2832 Dulce.
617 2780 700 2835 imbre,
715 2793 758 2830 ceu
775 2780 910 2830 dirce-ll
928 2780 1042 2830 Gronov.
1054 2790 1079 2828 et
1092 2782 1125 2831 ai.
1137 2789 1197 2832 unte
1211 2782 1277 2831 Her·

184 2846 255 2896 druia.
267 2847 460 2910 rubrisque-ld
478 2847 519 2895 Ita
535 2847 611 2896 codd.
622 2845 748 2895 Hardniui
760 2855 786 2892 cr
801 2845 892 2892 Dalec.
904 2859 961 2893 curn
975 2845 1034 2894 edd.
1047 2846 1172 2894 Harduin.
1184 2850 1205 2895 1.
1216 2849 1241 2896 2.
1253 2851 1278 2898 8.

184 2911 434 2974 ΜιΙΙει.Βὶροιιι.οῐ
448 2911 535 2959 Franz.
561 2911 667 2959 iuuenes
688 2909 779 2957 Dalcc.
803 2908 828 2956 in
845 2921 926 2957 ansam
947 2908 1059 2958 Gronov.
1072 2919 1099 2958 et
1110 2912 1168 2959 erld.
1180 2918 1278 2961 rell.-

186 2978 215 3021 15
234 2974 276 3022 lta
287 2987 373 3022 omues
385 2974 461 3022 codd.
475 2974 609 3029 Herduini,
624 2989 681 3021 cnm
694 2972 754 3022 edd.
777 2972 901 3020 lierduin.
914 2976 936 3021 l.
949 2977 973 3022 2.
985 2977 1009 3020 3.
1028 2975 1121 3022 lviiiler.
1134 2975 1238 3036 Bipont.
1250 2981 1278 3024 et

184 3038 273 3085 Franz.
288 3039 396 3098 pumina
407 3039 466 3085 cod.
480 3040 569 3086 Dulce.
583 3037 662 3096 gena
673 3033 757 3085 cniffl.
774 3036 791 3084 i.
803 3049 826 3082 a.
844 3039 932 3096 gemin,
943 3037 983 3083 vel
993 3039 1106 3096 genium·
1122 3039 1236 3086 Gronov.
1250 3047 1278 3086 et

185 3102 218 3148 ai.
236 3111 294 3150 aute
313 3101 439 3150 Harduin.
457 3103 618 3150 ercurio-ld
637 3100 726 3148 Dalec.
746 3113 836 3148 summu
851 3101 1006 3158 gralia—rr
1023 3100 1082 3149 ‘itu
1100 3101 1159 3148 libri
1180 3114 1277 3151 ornnes.

185 3165 263 3216 Forte
276 3169 313 3214 its
322 3166 564 3228 interpungendum,
575 3165 610 3214 X.
623 3165 658 3214 X.
671 3171 700 3214 ut
710 3163 762 3212 sint
775 3163 872 3211 donarii
886 3162 954 3222 deni,
963 3177 1012 3212 nou
1023 3161 1124 3213 viceni'
1136 3164 1277 3214 Baetin-.-

673 3305 780 3358 norm

215 3415 228 3448 a
246 3405 352 3468 Goedaoe]
371 3405 428 3456 Hoc
446 3413 496 3467 ert,
514 3421 571 3470 quas
590 3405 709 3455 cuditur.
781 3411 797 3436 '
816 3404 917 3466 Propter
927 3402 1034 3466 origam]
1051 3404 1178 3456 Quoniam
1194 3404 1276 3469 eriga-

185 3483 227 3532 Sic
238 3483 333 3546 sylvam
345 3482 460 3531 caduam
471 3483 587 3534 dicimur.
749 3479 775 3528 ni
786 3480 867 3529 instar
881 3479 967 3540 grisini
979 3479 1100 3528 acerbum
1112 3487 1159 3529 est.
1186 3480 1277 3530 Diosc.

216 3557 349 3618 fricetur]
361 3557 425 3606 linc
433 3557 533 3607 Solinus
541 3558 648 3607 sl’linio
656 3573 710 3607 rnu·
749 3567 801 3602 non
813 3556 1009 3614 cinnamomum,
1022 3563 1049 3605 ut
1060 3556 1148 3604 Delec.
1159 3553 1277 3617 affirmat,

186 3642 274 3684 tuctur
284 3648 308 3682 c.
320 3637 361 3681 8⁰.
374 3649 400 3696 p.
412 3637 452 3681 ⁵⁷.
749 3629 794 3678 sed
807 3643 932 3679 amomum
950 3629 1016 3680 dixit
1033 3631 1166 3694 origanum
1177 3633 1246 3680 olere
1259 3645 1278 3680 r.

216 3709 335 3772 Ι.1οιιιιιι]
359 3709 445 3758 Solem
462 3709 515 3770 alii,
525 3717 555 3759 ut
563 3710 675 3759 diximus
684 3723 708 3758 c.
751 3708 789 3754 ld·

185 3787 225 3833 18.
236 3792 263 3832 ct
274 3783 375 3832 Solinus
387 3783 436 3831 loc.
445 3783 490 3832 cit.
781 3790 794 3816 ¹
811 3782 933 3845 Pratum]
960 3782 1179 3846 Xylocinnamomi
1198 3784 1278 3847 preti·

216 3860 310 3909 ‘Sorte
330 3859 438 3922 gemina]
466 3859 507 3908 lta
528 3861 591 3909 Mur.
612 3873 710 3921 omnes,
751 3871 793 3906 um
804 3858 830 3906 in
843 3857 918 3907 librar
934 3860 1046 3921 singulm
1065 3859 1164 3908 denarii
1176 3859 1277 3908 vicenis

185 3936 251 3996 Reg.
262 3934 335 3984 eoin.
346 3937 395 3982 ilic.
405 3948 455 3984 ocu
465 3941 529 3984 um
538 3936 632 3984 eremi«.
751 3933 859 3982 Gallica
871 3942 991 3994 monetae,
1007 3933 1078 3982 libroe
1090 3939 1158 3982 octo.
1189 3933 1229 3982 An
1243 3936 1278 3982 le·

218 4010 360 4071 ”Quodque
378 4007 443 4071 Soli]
468 4010 548 4058 Solio.
566 4010 616 4058 loc.
633 4009 711 4058 cina
751 4009 862 4072 gendum
884 4009 979 4072 potius,
999 4010 1025 4057 iu
1045 4009 1276 4060 linteaminum

186 4083 286 4132 Plinio:
306 4083 404 4131 Plinius
416 4083 569 4147 a'l’lreoplrr.
581 4085 630 4132 loc.
641 4083 687 4132 cit.
751 4093 801 4140 est,
812 4085 905 4132 denarii
915 4082 992 4134 deaii

218 4157 383 4220 'ProecipmJ
400 4159 499 4210 Ethaec
510 4161 661 4224 nTlreoplrr.
672 4174 712 4210 ac·
783 4168 794 4202 ¹
811 4161 865 4210 Duo
887 4160 986 4223 genera]
1019 4158 1162 4209 Candidum
1184 4167 1212 4209 et
1240 4161 1278 4210 nl·

186 4240 263 4297 cepta
275 4234 345 4284 ilict.
355 4247 394 4282 rx.
405 4239 429 4283 t.
750 4237 922 4302 mmmmm
932 4237 970 4288 nul
978 4235 1061 4302 plau,
1070 4237 1169 4303 aliaque
1181 4251 1277 4302 gener·
