3106 4886
266 377 353 443 2212
631 392 664 440 c.
688 389 807 438 rursu
832 388 994 438 securior

266 539 449 624 praefertur.
491 533 547 598 Ab
566 535 629 598 lrao
650 533 771 610 seuve,
794 540 829 597 et
850 531 886 596 in
907 531 1058 616 sylvestri
1073 549 1204 614 quoquo
1217 527 1353 596 melior³

267 641 411 706 tostino.⁰
454 637 533 702 Nou
549 636 630 700 deut
649 656 694 700 ex
713 635 842 720 myrrho
861 635 1035 718 portiones
1050 632 1134 709 Deo,
1150 633 1306 714 quonium
1322 638 1356 696 et

266 742 357 824 opud
386 740 472 804 alios
500 739 656 804 nescitur.
700 737 788 818 Regi
816 743 928 802 tumen
957 733 1196 800 Gebonitorum
1219 743 1357 814 quartos

267 849 380 924 partos
393 842 465 924 ejus
485 839 644 923 pendunt.
688 838 808 902 Cetero
828 838 953 920 passim
975 856 997 900 a
1013 835 1110 917 uulgo
1133 832 1297 898 coemtum
1321 835 1357 897 in

267 943 366 1008 tolles
388 941 599 1016 conferciunt,
622 941 815 1023 nostrique⁴
837 939 1041 1020 unguentarii
1069 937 1245 1018 eligeruntp
1267 935 1358 1001 baud

268 1041 442 1108 difficulter
455 1037 568 1107 odoris
584 1049 687 1125 etque
701 1041 908 1124 pinguedinis
923 1039 1134 1122 argumentis.

311 1145 427 1220 (xvi.)
454 1143 608 1209 (irrueru‘¹
640 1144 832 1226 complure:
866 1141 1103 1223 Troglodyticu
1146 1139 1357 1222 sylvestrium

268 1245 384 1328 prima.
427 1245 577 1329 Sequens
609 1245 746 1322 Minaeo,
776 1246 809 1308 in
834 1263 902 1327 qua
929 1252 964 1307 et
990 1239 1212 1306 Atramitica⁵
1234 1245 1297 1316 est,
1326 1246 1360 1304 et

269 1345 436 1412 Ausaritis
452 1345 711 1412 Geboniterunr⁶
734 1365 844 1428 reguo.
887 1344 999 1408 'l'ertie
1016 1343 1186 1407 Dianitis.¹
1230 1341 1360 1419 Quarta

271 1447 454 1513 colluitur
498 1448 627 1527 Quinta
651 1447 894 1525 Sembruceuu,t
915 1466 937 1510 a
959 1446 1093 1510 civitate
1112 1445 1202 1527 regui
1221 1443 1360 1508 Subaeo-

730 1656 909 1678 mmmm

273 1827 289 1873 ⁸
306 1823 394 1871 Delec.
407 1839 460 1886 quoe
471 1823 610 1874 melion-t
628 1824 671 1873 Ite
687 1823 762 1874 codd.
776 1821 902 1872 lietduini
915 1830 940 1871 ei
953 1821 1044 1871 Dulce.
1056 1835 1113 1870 cnm
1125 1819 1185 1869 edd.
1197 1820 1323 1871 ilerdnin.
1337 1828 1362 1872 1.

272 1891 298 1936 2.
308 1889 332 1934 t.
345 1885 441 1935 Miller.
453 1887 558 1950 Bipout.
568 1896 597 1936 et
609 1889 699 1936 Fraus.
718 1888 872 1946 mnsarciunt,
883 1887 1002 1949 nostrique
1019 1885 1076 1934 eod.
1095 1886 1187 1934 Dalec.
1206 1885 1363 1948 conferciunt,

271 1950 282 1998 i
314 1951 320 1961 '
378 1950 492 2000 Gronov.
513 1959 540 1999 et
557 1952 590 2000 al.
608 1960 667 1999 ante
686 1952 859 2000 Harduin.——tt
876 1952 956 1999 ‘Vet.
974 1951 1062 2012 primae
1084 1949 1209 2010 scyrum
1221 1957 1364 2012 moment

305 2015 375 2074 inoeo,
384 2013 409 2062 in
420 2029 465 2077 qua
475 2019 581 2069 etactoea,
590 2020 613 2063 et
624 2017 777 2064 Atramitica.
812 2016 863 2064 Pro
873 2019 972 2063 otuctoea
988 2015 1046 2075 lego
1058 2027 1072 2059 e
1083 2013 1211 2074 'l'beopbn
1226 2014 1362 2062 cutione!

273 2077 367 2126 Delec.
384 2080 410 2125 in
421 2093 466 2139 qua
479 2079 622 2127 Atramitica
634 2079 761 2129 linrduia.
773 2084 798 2129 2.
817 2085 841 2129 8.
860 2079 955 2128 Miller.
973 2077 1079 2138 Bipont.
1094 2085 1121 2125 ot
1141 2078 1277 2125 Frena-b
1293 2078 1365 2126 ‘Mn

274 2155 346 2190 rueue
357 2148 384 2189 ct
393 2140 477 2192 chiffl.
494 2145 529 2191 est
546 2149 568 2191 et
581 2143 730 2194 Gebanitieo.
764 2145 834 2207 Lego
845 2158 878 2193 ex
889 2142 979 2192 eodem
990 2140 1117 2206 'l'beophn
1130 2141 1280 2201 Mamaliiiug
1298 2143 1364 2192 sele

767 2309 877 2361 NOTAE

275 2401 540 2466 bujusoocieoraert.
559 2405 628 2454 Num
640 2405 803 2470 etmyrrlum
839 2420 983 2471 quenquam
1003 2405 1086 2457 emisit
1106 2410 1208 2455 veteres
1229 2418 1287 2454 eum
1310 2416 1367 2453 cor-

275 2487 360 2541 tonet,
373 2494 428 2543 quun
440 2488 533 2543 sponte
545 2490 631 2532 menet
648 2495 680 2531 ex
693 2483 804 2532 arbore:
839 2495 901 2544 pore
921 2495 1019 2544 seusus,
1035 2483 1093 2531 Flet
1106 2489 1209 2530 lemene
1226 2488 1253 2528 et
1267 2477 1366 2542 tepidus

276 2561 304 2601 et
333 2555 446 2604 recentis
473 2556 582 2619 myrrha
611 2557 805 2619 pinguedinem,
838 2565 943 2606 manant
955 2571 987 2606 ex
1000 2557 1091 2605 erbore
1102 2563 1193 2618 gutte.
1227 2555 1367 2603 Eetbouor

277 2640 334 2692 que
357 2642 404 2692 per
425 2645 452 2679 se
475 2639 632 2694 unguentum
654 2630 734 2681 faciet
750 2631 804 2681 siue
839 2633 1014 2695 etleerynris:
1034 2632 1368 2695 uittataqueeuuteemyr·

277 2704 343 2753 oleo.
361 2705 452 2754 Priore
465 2705 609 2766 significatu
621 2721 636 2756 a
648 2707 733 2756 Plinio
751 2722 804 2756 nro·
840 2708 884 2755 rlra
898 2707 1000 2756 Nomen
1012 2707 1092 2756 berile
1104 2706 1316 2769 constrictioque
1329 2711 1369 2753 te·

278 2777 312 2826 do
322 2779 465 2842 accipitur:
479 2781 632 2844 posteriore,
643 2794 707 2830 xrrr.
719 2785 743 2830 2.
755 2789 805 2830 ete
840 2781 944 2831 cebitur
957 2781 1030 2832 cro:

277 2852 370 2902 Dione.
394 2868 414 2903 r.
436 2858 477 2903 tt.
501 2861 528 2904 et
544 2858 585 2906 tt.
618 2855 659 2903 Ab
680 2855 805 2906 Aibeuoeo
873 2865 885 2889 ⁰
902 2857 990 2907 Melior
1000 2854 1095 2917 attica]
1119 2856 1186 2907 Quae
1198 2861 1292 2904 ariete
1305 2853 1370 2904 inci·

280 2943 390 2993 qnoque,
413 2932 430 2980 l.
450 2944 500 2980 xv.
518 2947 545 2996 p.
566 2935 623 2981 688.
648 2933 769 2995 Denique
791 2947 806 2980 a
841 2931 923 2996 ditur,
938 2933 1224 2996 legiturqueeatmuoo.

278 3005 729 3068 Theopbrunt.loc.elt.abiorarrriu
738 3022 807 3071 myr·
877 3007 1039 3070 inegerunt]
1066 3007 1155 3056 Odore
1181 3012 1209 3054 et
1237 3004 1370 3069 pinguitu-

280 3080 352 3130 rbem
365 3095 467 3132 omnent
479 3091 562 3140 nocet,
573 3096 631 3146 quie
649 3080 706 3131 linit
722 3097 756 3132 ex
767 3097 807 3131 er·
841 3079 1371 3153 (liaegeneremyrrbreellrereogliscrimi·

279 3155 358 3204 bore:
378 3163 406 3205 ut
423 3155 598 3220 distinguatur
609 3171 624 3205 ι
634 3157 740 3221 πλωτῇ,
750 3173 807 3221 qun
842 3165 915 3208 nant.

279 3230 306 3280 iu
317 3231 434 3292 pratillus
445 3231 628 3282 conformatur.
659 3233 737 3282 Plinii
751 3247 807 3281 sen·
874 3232 1012 3296 tGesem]
1037 3229 1370 3296 Aregionibus,iaqaibue

277 3306 387 3355 tentiam
400 3307 432 3355 de
448 3313 541 3363 etoete,
553 3320 608 3370 que
621 3321 653 3355 en
671 3308 807 3358 arboribus
842 3316 993 3365 nascuntur,
1014 3309 1137 3372 pleraque
1157 3319 1248 3357 nonreu
1265 3305 1371 3354 sortito.

278 3385 371 3442 sponte
383 3389 480 3444 mouet,
493 3382 576 3431 secuti
592 3383 807 3432 euutMercurie·
842 3385 883 3434 De
904 3385 945 3434 bie
973 3383 1121 3448 regionibus
1141 3383 1186 3432 lib.
1209 3394 1248 3431 vr·
1269 3380 1314 3444 qui
1335 3380 1372 3430 de

278 3455 312 3504 lio
324 3453 452 3519 Antiquit.
465 3457 536 3506 beet.
545 3469 572 3504 v.
584 3460 624 3506 24.
641 3457 735 3521 aliique
744 3471 807 3522 quon
843 3458 1030 3523 Geographicie
1043 3459 1107 3521 egit,
1117 3457 1216 3507 ilicium
1233 3463 1275 3506 est
1288 3454 1373 3505 abuu-

280 3530 343 3578 citet
354 3537 381 3578 et
392 3531 508 3595 sequitur
519 3531 551 3580 P.
569 3531 675 3582 Servius
692 3533 725 3584 de
737 3533 808 3584 ouo·
843 3535 876 3584 de
887 3549 945 3598 cep.
958 3539 998 3584 22.
1025 3533 1214 3598 'troglodytice
1226 3533 1321 3596 primm
1331 3541 1372 3583 ot·

282 3603 363 3667 ribus,
371 3620 397 3668 p.
406 3610 446 3654 5⁷.
455 3605 497 3654 abi
506 3620 564 3655 euru
571 3609 726 3657 senteutiam
735 3622 807 3672 egre·
844 3609 962 3661 tribunat
982 3617 1011 3660 et
1026 3609 1144 3660 Dicunt.
1160 3612 1202 3658 tt.
1218 3617 1246 3657 et
1257 3607 1371 3658 Gelonus

281 3681 323 3744 gie
351 3688 448 3730 tuetur.
491 3682 513 3730 E
542 3684 726 3732 uetustioribus
752 3684 809 3734 sub·
844 3684 877 3734 de
887 3683 975 3734 Antio.
986 3697 1006 3732 r.
1018 3687 1056 3733 lt.

280 3754 372 3806 scribit
389 3756 491 3805 Solinus
502 3771 525 3806 c.
544 3761 583 3806 tt.
602 3773 627 3822 p·
638 3763 679 3808 ot.
694 3759 808 3823 ‘Sponte
874 3766 884 3792 ¹
902 3759 1024 3822 Dianitis]
1052 3758 1094 3808 lta
1112 3757 1171 3808 libri
1186 3771 1283 3808 omnes.
1307 3757 1372 3806 For-

281 3832 405 3892 mauauo,'
426 3832 519 3896 inquii,
541 3835 701 3897 ‘pretiosior
723 3850 757 3884 ex
776 3851 809 3884 ca
843 3836 927 3885 moab
937 3835 1169 3898 insuleDie,eujus
1178 3834 1291 3883 meminit
1299 3835 1373 3883 Stre·

281 3909 359 3958 sudor
378 3917 435 3959 est:
456 3909 559 3964 elicitur
578 3910 682 3959 corticis
703 3912 809 3961 vulnere
846 3911 879 3962 bo
890 3911 907 3959 1.
917 3923 976 3960 xrr.
990 3926 1015 3972 p.
1025 3913 1082 3960 777.

283 3983 357 4032 vilior
368 3983 518 4046 jndiestur!
560 3983 600 4034 Ac
612 3985 633 4034 ri
646 3984 737 4048 poiiteo
748 3985 810 4036 licet
876 3994 886 4020 ⁸
904 3984 1038 4048 cunum]
1059 3987 1124 4037 Ques
1140 3998 1190 4034 noo
1208 3998 1259 4034 uuo
1275 3996 1372 4047 genere

282 4057 413 4118 inportet
432 4059 571 4113 advocare,
590 4059 670 4110 Ouid.
692 4062 758 4111 Met.
781 4075 809 4110 x.
845 4061 990 4124 constabat,
1010 4061 1056 4110 sed
1077 4075 1110 4110 ex
1130 4059 1263 4124 permistio
1282 4073 1373 4108 earum

282 4135 339 4180 499.
350 4131 392 4180 ubi
404 4134 519 4196 Myr-run
536 4136 628 4198 puellae
646 4136 670 4184 ia
687 4139 805 4186 arborem
846 4137 993 4201 generibus,
1009 4149 1115 4198 querum
1133 4135 1264 4196 portiones
1277 4150 1291 4183 s
1304 4149 1373 4184 urer-

283 4205 406 4257 ‹leecribit
418 4207 687 4262 neustormstiouom:
710 4213 807 4274 ‘Quen
846 4211 976 4262 catonibus
994 4209 1153 4262 diversorum
1171 4210 1315 4273 regionum,
1331 4224 1373 4260 sa·
