3142 4882
267 359 354 428 2042
629 372 661 422 o.
677 372 800 422 rursu
823 371 986 423 snounnr

268 516 369 580 liores
383 510 467 599 ejns'
482 513 625 598 generis,
639 513 772 580 invenio
797 513 889 598 epud
910 522 1072 580 auctores.
1116 511 1252 600 Quippe
1274 533 1349 582 cunr

269 617 367 682 elium
383 612 509 682 66666Ξί
531 615 567 680 id
591 615 735 698 gignant,
750 615 839 699 quod
865 615 1084 680 animalium*
1104 616 1277 680 minimum
1291 634 1349 680 eu·

269 719 443 783 intimetur.
485 715 565 781 Alia
579 734 693 780 rursus
714 721 907 798 generantur
919 713 1351 792 sonionseradiosoltsrl

271 820 485 903 posteriorum
513 817 656 883 lascivia
684 835 814 881 crurum
830 812 1071 900 petauristoes*
1112 813 1193 878 Alie
1216 816 1354 899 pulvere

271 919 404 984 humido
420 920 453 984 in
469 920 633 995 cavernis,
644 917 803 982 volucria.

315 1036 381 1085 xn.
403 1024 576 1100 (xxxiv.)
605 1019 669 1084 Est
692 1017 813 1082 animal
837 1015 988 1099 ejusdem
1013 1015 1219 1099 temporis,¹·
1247 1013 1353 1080 infixo

272 1142 403 1206 semper
417 1123 566 1205 sangnini
576 1119 816 1204 cepitevivens,
828 1122 928 1199 etque
943 1117 991 1182 its
1005 1117 1238 1194 intumescens,
1252 1137 1353 1182 unum

274 1222 463 1289 animalium
489 1224 543 1288 cui
569 1219 660 1287 oihib
681 1221 811 1286 nonsit
835 1220 969 1284 exitus:
991 1217 1199 1301 dehiscitque
1224 1217 1352 1282 niuria²

724 1397 902 1420 ΟΜΝ

276 1517 351 1565 house.
383 1515 425 1564 De
438 1513 560 1565 orlbnsid
578 1513 668 1565 fslsurn
681 1513 787 1566 est'-s
804 1515 849 1565 Its
867 1512 943 1564 codd.
961 1511 1100 1575 Hsrduinl,
1116 1511 1208 1562 Doleo.
1227 1518 1254 1561 et
1273 1509 1355 1564 chiffl.

276 1594 334 1629 cnut
345 1577 405 1628 edd.
417 1579 543 1628 llsrdnin.
553 1583 578 1630 l.
588 1583 645 1629 28.
662 1581 758 1629 Miller.
773 1580 882 1642 Blpont.
893 1585 920 1628 et
932 1577 1025 1628 Frsns.
1042 1583 1067 1628 et
1086 1578 1149 1626 cassi
1165 1577 1252 1626 emet
1268 1590 1356 1640 rnsrgo

276 1642 336 1692 edd.
347 1644 438 1693 Delec.
448 1652 475 1693 et
485 1643 600 1694 Grouor.
611 1658 643 1692 ex
654 1642 762 1692 Aristus.
773 1645 800 1691 lu
808 1644 872 1706 τνρᾷ
882 1639 1105 1703 rutuwplmmou
1117 1641 1143 1690 o
1153 1642 1226 1703 eupli.
1242 1640 1357 1690 Gronov.

276 1714 305 1756 et
316 1707 349 1757 sl.
360 1714 419 1756 ente
431 1707 559 1757 Herduln.
574 1712 598 1757 sl
608 1712 746 1757 celem-l
764 1705 847 1756 chiffl.
856 1707 944 1756 semul
954 1706 1036 1756 tlt-u
1053 1703 1117 1755 Cori.
1129 1705 1331 1754 osteo-erosos·
1340 1720 1356 1753 a

275 1770 352 1819 endiis
362 1771 418 1819 solis
424 1785 434 1828 ,·
451 1771 566 1821 Gronov.
577 1778 606 1821 et
615 1773 649 1819 nl.
665 1779 726 1820 snte
744 1771 871 1820 Herdnin.
883 1770 991 1819 serotino
1001 1769 1065 1818 aridi
1072 1769 1173 1818 ult.-o
1189 1767 1252 1818 Cori.
1262 1769 1356 1820 Dulce.

305 1834 429 1892 taurinis,
450 1832 534 1884 chiffl.
548 1835 676 1897 posterior:
699 1835 796 1884 lnser'oio
813 1849 909 1884 mrum
926 1839 949 1883 es
967 1834 1050 1892 series
1065 1833 1180 1883 Gronov.
1197 1840 1224 1884 et
1244 1832 1278 1881 si.
1296 1838 1357 1882 unte

307 1896 406 1948 erduiu.
416 1912 510 1948 curres
519 1899 613 1947 lnssr'us's
621 1899 812 1961 pdasridnrssr.

311 1962 377 2012 css.
395 1973 440 2013 xl..
456 1967 470 2011 1
486 1963 530 2012 Its
541 1962 616 2012 codd.
629 1962 757 2012 liertluiui
768 1969 795 2011 et
806 1960 958 2012 6616666-
975 1959 1035 2010 edd.
1048 1960 1175 2010 lisrdoin.
1185 1964 1208 2010 l.
1218 1965 1242 2010 2.
1253 1964 1278 2010 s.
1295 1959 1356 2008 Mil·

278 2025 326 2075 ler.
337 2026 443 2090 Bipont.
456 2033 483 2076 et
492 2027 583 2076 Frons.
594 2025 694 2086 dudem
703 2026 857 2091 turpitudinis
865 2025 982 2075 Gronov.
993 2032 1021 2074 st
1033 2024 1065 2074 sl.
1076 2023 1270 2075 sutelisrdnlu.
1287 2023 1361 2085 Mox,

279 2090 336 2140 cod.
344 2090 437 2142 Dslec.
446 2105 534 2154 semper
541 2090 617 2154 cupite
625 2091 796 2154 nguine-s
812 2089 875 2140 Cod.
887 2089 979 2140 Delec-
987 2089 1066 2140 exilss
1077 2104 1129 2140 euru
1137 2089 1210 2140 simin
1220 2087 1359 2141 dehiscit.-

765 2251 874 2303 NOTAE

278 2347 461 2412 interpretatio
471 2355 521 2398 est.
544 2349 587 2399 Sit
598 2349 665 2399 enisu
676 2348 719 2398 ills
730 2347 801 2398 illst.
839 2347 909 2412 gigni
922 2347 1082 2412 vermiculos,
1092 2348 1113 2398 sl
1123 2348 1315 2398 lrntneotentnr:
1333 2353 1361 2396 et

279 2423 366 2473 Aulus.
376 2437 401 2472 r.
412 2426 454 2473 26.
466 2436 524 2487 pag.
534 2427 592 2474 ost.
618 2421 721 2472 Γίνονται
736 2420 762 2470 sl
779 2421 802 2472 ol
839 2423 865 2472 in
876 2422 995 2486 humidis,
1006 2423 1027 2472 si
1038 2423 1210 2474 exsiccentur.
1231 2421 1299 2471 vide
1308 2422 1362 2472 Ne·

278 2500 371 2561 φθεῖρες
395 2496 509 2558 poma,
535 2496 593 2546 ὅταν
620 2495 802 2558 μεταβάλλων
839 2507 919 2551 tuset
931 2499 1172 2551 616666666666.

279 2573 354 2623 Rern
362 2571 397 2624 cit
404 2571 523 2630 Moenus,
531 2571 577 2622 ὅσα
587 2570 637 2635 (χιι
646 2575 695 2622 ris
704 2570 801 2632 λουομέ·
871 2575 884 2609 ¹²
901 2575 1056 2640 Psiutsn'slae]
1074 2575 1133 2626 Heu
1150 2581 1202 2638 ssi,
1213 2573 1362 2623 salientibus

279 2651 438 2712 mco-ou.
463 2649 674 2705 Quaesitmliset
684 2649 803 2710 16666666,
839 2649 877 2701 his
892 2652 956 2716 lpsls
974 2650 1099 2714 sordibus,
1110 2650 1153 2700 ubi
1170 2651 1277 2699 snimsrn
1290 2663 1364 2700 scoe-

279 2725 513 2788 stsolesspeis'cslcs
523 2727 803 2789 prementum*
841 2739 911 2792 pere.
950 2726 1008 2776 lloc
1030 2727 1164 2776 rerhcruru
1184 2724 1279 2775 sruhitn
1299 2724 1364 2788 puli·

279 2802 345 2850 tibus
354 2800 507 2863 insaturetur,
517 2800 803 2863 aeconomum
841 2815 895 2857 ees,
907 2801 994 2864 endo,
1013 2799 1143 2851 describit.
1171 2799 1366 2862 ‘Petauriste,’

280 2876 370 2937 166666,
380 2880 480 2924 urslust.
841 2877 923 2940 inquil
943 2875 1043 2926 Nonius
1062 2874 1182 2924 Marcell.
1192 2886 1213 2924 t.
1224 2879 1281 2924 2⁷⁷.
1298 2873 1308 2901 ‘
1319 2887 1364 2923 re·

313 2949 320 2982 ¹
339 2949 420 2998 lilium
429 2949 501 3012 esra]
516 2949 592 3003 Quod
613 2949 725 3000 ncluhile
742 2963 804 3001 sene
842 2951 939 3002 teribus
954 2950 1116 3013 dieebsntur,
1131 2950 1174 3013 qul
1191 2949 1298 2998 saltibus
1310 2963 1364 2998 rno-

282 3032 335 3075 est:
354 3024 416 3088 ipsse
427 3025 494 3075 eninr
505 3039 572 3075 certe
584 3040 600 3074 6
617 3025 750 3090 putredine
762 3041 805 3076 ce·
842 3026 987 3077 verentnrs’
1003 3026 1069 3094 qnorl
1081 3025 1099 3074 ii
1110 3023 1230 3089 πρδςᾰίρα
1240 3025 1364 3073 minus.

282 3107 339 3150 tere
348 3100 469 3151 rlndiost.
502 3100 532 3149 Is
548 3116 601 3150 cern
616 3101 695 3151 etism
705 3107 805 3166 uisse,
841 3100 909 3152 Vide
921 3101 1002 3152 Notus
1014 3109 1041 3151 et
1053 3100 1162 3151 Euserrsl.
1173 3105 1289 3150 num-tls.

282 3177 365 3241 lnquit
385 3176 554 3240 Philosophus
576 3177 649 3227 ilist.
669 3174 755 3226 Aulrn.
777 3190 805 3227 ν,
874 3184 887 3211 ¹
901 3177 1013 3238 1666666
1031 3176 1154 3239 temperis]
1180 3175 1270 3226 AEstlsi
1292 3176 1364 3225 nimi·

282 3256 323 3302 sl.
345 3267 404 3316 pop.
426 3254 483 3300 llsl.
507 3252 534 3301 lv
553 3253 616 3314 κηρῷ
634 3250 805 3315 mochin,
843 3267 909 3315 mun,
922 3252 993 3301 rstlio
1008 3251 1071 3302 Solis
1089 3249 1289 3300 effervescente:
1307 3265 1364 3300 nsrn

283 3339 335 3375 non
353 3326 436 3376 secius
454 3326 577 3389 gignitur,
597 3327 714 3390 quentin
735 3327 806 3376 arido
843 3343 890 3394 per
901 3334 1018 3380 sestsleur
1030 3327 1151 3393 gignitur·
1183 3328 1300 3378 lliciunrn
1320 3327 1364 3376 de·

283 3400 807 3466 ligno,suiruslcsndltlnnr,quodornnlnrn
844 3403 944 3465 scribit,
966 3417 1040 3469 quem
1060 3403 1147 3460 Greci
1167 3401 1278 3466 κρότωνα,
1296 3401 1367 3453 (tulli

284 3477 429 3525 snimsllnur
441 3476 569 3525 rnlnlnrnnr
583 3475 685 3526 ridetur
700 3483 808 3539 esse,et
846 3479 1068 3543 llpssnourinsut.
1100 3479 1167 3530 Sunt
1183 3486 1211 3530 et
1226 3481 1252 3530 iu
1265 3480 1366 3530 lrourlue

283 3559 390 3601 vocetur
411 3551 479 3615 ὀκρρὶ
500 3558 605 3615 propter
631 3552 808 3617 exignltsteur,
846 3555 1287 3621 rioinl,quenqusmdiverssforrusr
1300 3556 1368 3604 Mor·

285 3627 544 3691 qussiqnodlostleri,
554 3626 676 3691 srlprstct,
695 3642 746 3678 non
762 3642 808 3691 pc·
843 3631 911 3694 pices
933 3637 1059 3681 nostrates
1086 3638 1196 3682 vocant:
1225 3632 1290 3695 pelle
1313 3631 1366 3680 hre-

285 3711 351 3752 test:
365 3702 440 3750 sicuti
451 3710 628 3765 necpnuctnm
637 3703 727 3753 secsrl.
743 3704 809 3753 Sunt
846 3716 914 3769 rent,
926 3722 1009 3772 neque
1019 3709 1098 3758 sstnri
1110 3707 1277 3768 decidunt,nt
1288 3707 1366 3771 quiin

284 3778 328 3842 qni
340 3777 488 3826 existiment
505 3777 552 3826 hoc
566 3778 741 3827 snlmslculnrn
753 3793 809 3828 esse
847 3797 928 3833 esne:
945 3783 971 3832 hl
989 3783 1076 3846 cspite
1096 3782 1175 3831 infixo
1191 3789 1292 3831 tsntnnr
1311 3795 1367 3830 sen·

285 3865 400 3901 cessuro:
431 3851 473 3900 ulii
502 3852 594 3902 cariem
621 3859 714 3915 pulsnt
736 3866 809 3903 esse:
847 3859 930 3922 puluis
955 3865 1093 3922 exsugnnl,
1117 3857 1201 3906 donee
1228 3855 1364 3905 excident:

286 3929 367 3978 usries
386 3929 451 3979 enirn
473 3929 585 3978 subolet
602 3936 630 3978 et
648 3929 741 3992 erodit,
761 3931 808 3980 etsi
847 3935 1005 3984 excrementi
1015 3934 1083 3983 euim
1093 3931 1190 3980 exitum
1197 3943 1249 3978 non
1257 3929 1367 3980 hebent:

287 4005 367 4053 oeulis
378 4005 471 4053 nostris
482 4019 531 4054 non
543 4013 666 4057 moretur.
846 4018 876 4058 st
893 4009 937 4074 qni
955 4010 979 4058 ln
999 4007 1109 4068 homine,
1126 4011 1153 4054 et
1170 4011 1321 4060 excernunt,
1340 4012 1368 4054 et

317 4077 326 4119 1
344 4078 456 4128 smero
473 4097 488 4128 n
507 4082 575 4130 relic
585 4079 657 4145 eolo]
673 4081 732 4132 Hoc
744 4081 807 4132 illusi
847 4099 897 4136 usu
907 4085 1019 4148 psrlrtut.

288 4153 407 4216 estquod
418 4153 585 4217 Philosophus
597 4157 807 4220 sliqnsntosper·
878 4160 890 4194 l
907 4161 956 4208 Csl
973 4157 1032 4220 etot]
1047 4156 1092 4206 Uti
1115 4170 1163 4206 nec
1178 4155 1273 4206 ciendis
1292 4163 1367 4219 potos

288 4227 339 4280 lios
357 4229 475 4293 loquitur,
493 4244 552 4293 pop.
568 4234 625 4280 666.
644 4238 672 4281 et
688 4233 714 4282 ln
730 4231 807 4283 srirlls
847 4235 886 4285 sni
907 4235 973 4283 ullus
991 4233 1076 4282 exitus
1091 4239 1140 4288 est,
1155 4230 1367 4296 qnenrstlruodnnr
