3138 4884
273 407 360 473 202⁰
638 423 670 470 c.
696 419 818 470 aurun
842 417 1006 470 anouunr

274 566 464 652 papiliones
479 582 613 649 parvos,
628 564 803 649 nudosque
813 573 842 629 ε’
865 571 969 629 mox¹
985 561 1142 644 frigorum
1157 561 1364 646 impatientia

276 669 385 732 villis·
410 668 645 745 inhorrescere,
660 673 695 731 et
715 666 892 732 adversum
914 666 1064 749 hyemem
1085 664 1216 729 tunicas
1235 665 1301 730 sibi
1315 666 1365 730 in·

274 775 447 834 staurare²
470 767 602 844 densas,
617 768 741 850 pedum
763 769 943 850 asperitate
964 765 1118 832 radentes
1140 763 1295 830 foliorum
1317 766 1365 830 la·

273 871 427 953 nuginem
450 869 572 934 vellere
585 889 593 933 ε
604 877 636 915 ⁶³
667 869 752 934 hanc
768 870 878 934 abhis
893 867 1183 951 cogi‘nnguium4
1202 865 1365 931 carmiua-

274 973 373 1047 tione,
387 989 468 1033 mox
482 969 565 1034 trahi
581 971 663 1034 inter
677 977 815 1047 ramos,⁵
830 972 960 1034 tenuari
974 987 1037 1034 ceu
1053 969 1194 1051 pectino.
1238 967 1366 1032 Postea

271 1072 512 1154 apprehensam
539 1070 670 1154 corpori
698 1069 823 1134 involvi
851 1069 930 1134 nido
959 1065 1151 1134 volubili-⁶¹¹
1193 1055 1289 1131 Tum'
1313 1067 1360 1134 ab

272 1173 404 1236 homine
431 1173 515 1248 tolli,
538 1172 766 1254 fictilibusque
789 1170 881 1237 vasis
903 1176 1019 1253 tepore
1047 1177 1082 1232 et
1102 1168 1262 1233 furfurum
1283 1187 1364 1232 esca

272 1273 401 1336 nutriri:
433 1280 532 1355 atque
554 1271 604 1336 ita
633 1273 794 1336 subnasci
825 1271 878 1335 sui
906 1271 1033 1352 generis
1059 1270 1215 1352 plumas,⁵
1240 1268 1364 1351 quibus

273 1374 414 1438 vestitos
436 1372 565 1437 adalia
585 1380 718 1456 pensav
740 1371 873 1438 dimitti.
916 1371 1099 1450 Quaerere
1114 1375 1276 1453 coepla7'
1300 1369 1365 1432 sint

271 1473 429 1550 lanificia,
441 1474 603 1539 humore¹
628 1473 829 1538 lentescere:
851 1493 934 1540 mox
955 1473 989 1537 in
1011 1471 1069 1537 lila
1090 1470 1218 1536 tenuari
1234 1469 1363 1553 junceo

271 1571 371 1638 suso!
416 1574 492 1640 Nec
515 1573 635 1657 puduit
653 1576 714 1639 has
728 1582 840 1640 vestes
861 1591 1022 1655 usurpare
1044 1572 1146 1638 etiam
1161 1570 1263 1647 viros,
1281 1570 1364 1633 leri·

271 1681 394 1740 tutem*
414 1682 550 1760 propter
563 1675 741 1741 aestivam.8
785 1675 970 1755 Intentum
985 1693 1007 1738 a
1020 1673 1126 1740 lorica
1139 1669 1279 1756 gerenda
1294 1669 1363 1734 dis·

303 1867 315 1889 ¹
335 1858 457 1908 Vellicure.
714 1858 809 1908 ‘Alea

726 1981 908 2006 ‘NONOMOO

304 2067 371 2116 Can.
383 2079 473 2116 anvrr.
490 2070 502 2115 l
520 2067 614 2118 Dalac.
625 2081 713 2117 remea
723 2082 821 2130 porcos:
837 2067 922 2116 Made
932 2077 1014 2114 meua
1024 2063 1099 2112 mura
1116 2077 1181 2124 mos,
1191 2063 1282 2124 isa-2
1299 2062 1361 2114 Qui·

271 2131 328 2180 riam
340 2145 381 2192 ap.
396 2131 488 2180 Dalec·
499 2136 688 2192 comparare—3
707 2132 748 2180 lta
758 2129 834 2180 codd.
846 2128 984 2184 Hardnini,
995 2141 1051 2176 cum
1059 2098 1118 2176 edri.
1130 2125 1257 2174 Harduin.
1267 2130 1290 2175 l.
1302 2131 1325 2174 ⁸2.
1336 2131 1363 2178 3.

168 2237 170 2240 .
270 2195 365 2244 Miller.
374 2194 479 2256 Bipont.
491 2201 519 2243 et
532 2193 624 2244 Franz.
640 2195 774 2256 harrgiaem
783 2195 807 2243 ia
819 2195 905 2243 uellera
917 2193 1031 2242 Gronov.
1046 2197 1074 2239 et
1085 2192 1118 2239 al.
1130 2197 1189 2238 anta
1201 2189 1363 2238 Heronio.-

269 2261 286 2308 l
303 2258 346 2307 lta
357 2257 434 2306 codd.
448 2257 586 2317 Bardaici,
601 2273 659 2307 curn
671 2259 731 2307 edd.
743 2258 869 2307 ilardnin.
882 2262 904 2306 1.
913 2261 938 2306 2.
950 2261 974 2305 8.
991 2255 1089 2304 Miller.
1107 2254 1213 2316 Bipont.
1229 2260 1257 2302 et
1268 2255 1362 2302 Franz.

268 2324 322 2384 cogi
336 2320 461 2384 abigique
478 2321 602 2383 wissa,
620 2325 660 2385 lsr-
677 2323 792 2373 Gronov.
810 2330 838 2372 et
855 2323 889 2370 al.
905 2324 1018 2369 velte-o
1033 2318 1139 2366 ‘'l'olet¹
1155 2319 1181 2364 ia
1197 2322 1300 2365 terram.-
1311 2331 1363 2366 non

268 2384 368 2448 probo!
378 2387 462 2436 Dulce.
498 2387 570 2448 Mor,
582 2387 643 2434 Vct.
656 2387 745 2436 Dulce.
755 2387 901 2462 umorique.
930 2383 1168 2438 Deindaftirouor.
1180 2395 1221 2430 aaa
1229 2381 1364 2443 paellae.-

268 2454 285 2498 6
301 2449 392 2499 Daleo.
403 2449 548 2512 apprehensa
565 2450 646 2499 mdam
661 2452 751 2500 tanolm'
765 2465 860 2514 corpor!
875 2449 1067 2500 malane?
1086 2447 1146 2502 Qua
1156 2458 1211 2494 aero
1221 2450 1290 2509 capla
1302 2444 1361 2496 Vct.

268 2667 387 2718 arborum
398 2667 504 2719 floribus
515 2670 587 2719 nasci
597 2670 642 2720 lroa
653 2669 794 2733 bombycas
834 2670 923 2719 voluta
944 2668 1032 2718 aidum
1051 2671 1165 2723 oratum,
1187 2666 1242 2716 aive
1261 2663 1362 2715 lollien-

268 2743 335 2792 coos
346 2743 486 2807 significat.
519 2744 602 2808 igitur
613 2744 706 2794 nostris
717 2745 793 2807 louge
833 2745 885 2793 lum
906 2748 1076 2806 representat
1093 2742 1200 2791 similem
1218 2740 1244 2788 ei
1262 2755 1313 2805 qno
1332 2754 1361 2790 se

267 2817 410 2881 diasImilea,
441 2819 630 2882 quantumlibet
655 2819 794 2866 Salmasius
833 2818 915 2868 noatri
928 2815 1067 2881 bombyces
1079 2816 1223 2866 includunt.

267 2891 426 2954 refragetur,
436 2893 461 2940 ln
472 2891 579 2942 Tertull.
590 2891 623 2940 da
634 2892 723 2954 Pallio,
735 2906 795 2955 pag.
865 2901 877 2926 v
893 2892 934 2942 Aa
944 2893 992 2942 olio
1000 2891 1085 2956 praru]
1107 2891 1149 2940 Ad
1161 2891 1278 2940 arborum
1288 2889 1361 2940 lann-

267 2971 323 3017 ltil.
357 2965 476 3030 Bombya
494 2966 667 3016 animnoalra
684 2973 794 3030 tempea-
834 2967 1030 3032 pinemnraum
1051 2966 1201 3028 radendam,
1216 2963 1361 3014 carminan-

267 3041 329 3091 tatia
340 3041 494 3092 vermiculus
510 3046 559 3105 eat,
574 3056 608 3090 ex
619 3042 795 3091 ororninalia·
834 3042 903 3105 daur,
921 3042 1087 3097 tenuandarn,
1108 3056 1156 3090 auo
1173 3039 1285 3104 deniqne
1304 3051 1361 3088 cor·

267 3116 332 3166 simo
357 3115 476 3174 candido,
500 3114 570 3180 quod
593 3130 626 3166 ea
648 3130 794 3180 congenara
833 3119 892 3183 pori
902 3115 1090 3176 involvendam,
1101 3123 1131 3164 ut
1142 3115 1221 3178 priua.

266 3207 353 3245 verme
363 3194 484 3246 nascitur.
519 3193 638 3244 luorum
651 3194 794 3244 autiaaole
865 3200 881 3224 ¹·
901 3192 962 3247 Qua
972 3189 1120 3254 aerocoepta]
1138 3190 1276 3253 Smcepta,
1288 3187 1361 3238 inati-

265 3275 311 3320 ant
328 3269 354 3318 iu
373 3270 430 3320 sinu
447 3266 547 3318 forent.
579 3267 719 3317 hainoum
736 3281 793 3316 rer·
833 3273 897 3318 tuta.
930 3267 1269 3330 Inltlaa.lieg.l·2.euptu.
1285 3263 1360 3315 colb.

265 3344 388 3394 miculam
402 3344 538 3406 imponant
551 3340 620 3392 follia
637 3342 702 3392 mori
717 3342 793 3408 albu,
833 3348 892 3393 m.
904 3341 1009 3405 allique,
1019 3347 1102 3404 capta

266 3417 488 3468 utcuivlauotnm
501 3423 550 3467 eat.
864 3425 878 3452 ¹
895 3417 1013 3480 Honore]
1032 3416 1106 3480 Aqua
1123 3421 1240 3480 tepente,
1257 3421 1287 3465 ut
1304 3415 1359 3481 qui·

297 3492 465 3558 'Nadoapad
482 3491 562 3542 Nullo
582 3493 658 3554 plane
676 3491 735 3541 villo
755 3492 791 3555 pi·
832 3495 890 3546 dem
911 3495 1040 3544 exialimo.
1073 3494 1117 3544 Sic
1135 3495 1204 3544 enim
1224 3493 1360 3557 inlepida

266 3567 322 3616 lore
334 3574 395 3616 cute
405 3567 530 3618 obtecta:
546 3567 623 3616 nullia
633 3581 734 3632 quoque
743 3567 791 3619 alia
831 3585 896 3636 aqna
908 3569 1289 3621 inditosfolliculosnoatrorum
1297 3584 1360 3634 quo·

265 3639 370 3688 milit·
832 3661 881 3710 qna
891 3645 1045 3710 bombycum
1057 3645 1245 3709 daglomerant,
1253 3652 1359 3708 captan-

296 3713 406 3778 ¹l'lllr'a]
423 3716 565 3766 Erucarura
577 3730 656 3766 mora.
683 3717 794 3779 Harum,
831 3728 870 3772 tea
879 3723 966 3784 capita
976 3720 1085 3772 filorum.

264 3797 310 3840 ant
320 3790 439 3840 similiora
449 3797 531 3855 certe,
541 3805 674 3842 erucarum
686 3807 791 3857 magnus
863 3805 874 3841 r
889 3799 979 3846 Juaoeo
990 3796 1060 3859 saro]
1085 3795 1116 3846 In
1127 3795 1179 3854 fila,
1191 3797 1283 3862 inanit¹
1295 3795 1358 3846 lani·

265 3880 321 3917 aare
343 3866 437 3917 dicitur
456 3869 524 3931 apud
544 3869 664 3920 Sineuaea
682 3885 791 3934 proran-
830 3871 889 3922 licia
906 3873 963 3922 laec
979 3871 1144 3922 deducuntur
1160 3886 1191 3922 ac
1210 3878 1359 3933 tenuantur,

265 3949 322 3992 tua:
340 3951 368 3994 at
379 3943 517 4008 bombyces
528 3947 610 3996 nostri
622 3961 672 3996 uon
689 3947 725 3998 ita
744 3947 790 3998 ril-
830 3947 957 4010 simulque
978 3947 1074 4010 junceo
1101 3945 1158 3997 suso
1182 3947 1356 3998 involvantur.

264 4015 507 4079 loaipiloaireaunt.
830 4020 1148 4072 VideNotasetEmend.
1160 4027 1282 4074 mmll.

297 4091 305 4121 ⁸
321 4091 431 4142 Haacala
443 4095 481 4146 lu'a
496 4095 563 4159 cogi]
584 4095 651 4144 vide
669 4095 751 4148 Notas
762 4102 790 4148 et
861 4095 1030 4160 *mutarem
1046 4095 1111 4144 Mas.
1121 4093 1177 4146 fere
1190 4111 1288 4160 omnes,
1298 4097 1356 4146 leri·

266 4165 373 4216 Emand.
383 4181 453 4218 num.
464 4173 506 4219 43.
829 4171 1106 4234 talepruplereaoeatr'oo.
1123 4171 1218 4222 Sanaos
1227 4183 1356 4236 arcusar-

297 4249 308 4274 ¹¹
323 4241 389 4292 Nirlo
400 4243 507 4307 mlalilr]
524 4245 629 4309 Lanupo
638 4245 741 4310 corpori
752 4247 790 4297 iu·
829 4254 904 4312 palas
916 4246 1003 4297 arinis
1014 4261 1116 4312 quoque
1128 4255 1215 4300 reales
1227 4264 1271 4300 eas
1288 4262 1355 4306 esse.
