3116 4890
273 400 359 466 2148
631 413 664 464 c.
688 413 810 462 rurum
839 411 1003 463 sucuuor

272 561 405 624 mandra
425 560 469 623 ab
493 558 545 622 his
560 556 732 632 devorata,
755 556 814 638 qui
838 557 947 632 edere,
971 553 1165 619 moriuntur.
1211 554 1289 620 Nec
1311 563 1366 620 est

273 662 455 727 intellectus
468 669 477 699 ¹
490 669 502 696 ⁰
523 659 611 724 ullus
628 661 660 722 iu
676 658 787 728 odore,
804 657 857 721 vel
872 675 1009 739 sapore:
1034 665 1067 722 et
1082 675 1171 740 equa
1185 657 1367 741 vinumque

271 764 430 828 interimit
451 762 662 826 salamandra
683 761 731 824 ihi
753 762 939 836 immortua,
955 759 1009 824 vei
1032 759 1063 823 ei
1084 761 1219 824 omnino
1234 760 1366 837 biberit,

273 865 362 928 unde
388 870 564 947 poteturz²
585 865 665 927 item
694 880 784 939 rena,
806 881 907 944 quern
929 863 1080 926 rubetam
1101 868 1235 926 vocent.
1276 861 1367 924 Tan·

273 974 343 1030 tum
367 967 562 1030 insidiarum
585 973 638 1028 est
652 964 752 1028 vitae!
797 961 923 1046 Vespre
945 967 1099 1046 serpente
1115 961 1213 1027 avide
1227 981 1366 1026 vescun-

272 1075 338 1145 tur,
366 1087 433 1148 quo
454 1063 660 1130 elimento³⁶
693 1063 880 1128 mortiferos
908 1067 994 1132 ictus
1019 1065 1158 1128 faciunt.
1212 1062 1364 1145 ideoque

272 1187 392 1250 magne
406 1167 589 1232 differentia
614 1173 667 1232 est
682 1167 809 1232 victus:
834 1167 914 1231 utin
929 1173 1035 1231 tractu
1057 1167 1154 1248 pisce
1171 1165 1363 1229 viventium·

273 1270 522 1352 Theophrastus
538 1265 694 1353 prodit,⁴‘
713 1270 816 1332 bores
830 1286 965 1352 quoque
980 1269 1074 1352 pisce
1089 1268 1192 1345 vesci,
1215 1265 1275 1330 sed
1296 1287 1364 1330 non

271 1372 335 1436 nisi
352 1373 492 1434 virente.

317 1489 439 1536 cxvii.
462 1473 602 1536 Homini
619 1472 737 1536 cibus⁸
760 1472 960 1535 utilissimus
979 1471 1134 1554 simplex.
1179 1468 1363 1534 Acerretio

275 1591 433 1655 saporum
452 1575 621 1656 pestilera,
637 1582 671 1638 et
686 1573 899 1637 condimento
923 1572 1165 1655 perniciosior.¹
1212 1571 1364 1636 Difficul-

273 1683 321 1742 ter
348 1681 456 1740 autem
487 1675 699 1759 perficiuntur
725 1674 859 1738 omnis*
879 1674 915 1738 iu
944 1675 1030 1738 cibis
1060 1677 1161 1750 acria,
1190 1674 1305 1750 nimia,
1329 1682 1365 1738 et

273 1777 370 1840 aride
399 1777 538 1841 haustu:
561 1786 594 1841 et
623 1783 753 1852 aestate,
776 1795 875 1858 quem
903 1776 1033 1859 hyeme,
1062 1775 1247 1840 difficilius:
1269 1783 1302 1839 et
1329 1778 1365 1840 iu

274 1885 420 1953 senecta,
446 1897 545 1960 quam
569 1878 603 1940 in
621 1877 771 1960 juventa.
814 1875 1048 1942 Vomitiones⁵
1070 1876 1197 1941 homini
1221 1878 1264 1943 ad
1291 1877 1363 1942 haec

729 2038 816 2058 nme
819 2038 907 2058 mbo!

305 2139 372 2188 Car.
389 2153 465 2189 cxvi.
499 2145 509 2190 1
533 2139 581 2189 Nee
591 2139 652 2188 esim
662 2145 696 2189 est
715 2139 846 2189 internum
858 2141 919 2190 Ver.
932 2140 1071 2190 linteo—t
1089 2139 1150 2189 Vet.
1162 2139 1253 2189 Deles.
1263 2145 1364 2202 penas.

271 2209 278 2233 ⁸
292 2203 375 2266 Lege,
390 2205 427 2253 ret
435 2205 456 2252 si
473 2205 566 2252 mnino
576 2205 636 2254 unde
644 2205 727 2252 biberit
737 2205 846 2266 potetur!
861 2206 1001 2254 Dotem-t
1013 2205 1078 2254 Cod.
1088 2205 1176 2254 Delec·
1185 2219 1237 2266 qsoe
1247 2204 1367 2252 alisressto.

272 2271 319 2316 —d
338 2267 378 2316 lta
397 2266 473 2318 codd.
485 2269 612 2318 lierdnini
623 2277 650 2317 et
662 2267 744 2318 cntffl.
755 2284 812 2318 curn
825 2269 884 2317 edd.
898 2268 1024 2319 llardnin.
1038 2273 1060 2322 1.
1071 2273 1096 2318 i.
1107 2273 1131 2317 ³.
1146 2269 1242 2318 Miller.
1258 2267 1366 2331 Bipont.
1412 2287 1415 2294 ·

272 2339 300 2382 et
313 2333 403 2382 Franz.
414 2333 517 2394 prodidit
530 2332 645 2382 Gronov.
656 2341 683 2382 et
695 2335 728 2381 al.
741 2342 800 2381 ante
814 2333 940 2382 ilerdnin.

306 2395 375 2446 Cae.
390 2410 479 2446 cxvrr.
513 2402 525 2447 1
544 2398 588 2447 lta
599 2395 675 2448 codd.
694 2397 822 2448 Herdniui
836 2404 862 2447 et
875 2396 959 2448 cirilli.
976 2411 1034 2445 cnm
1054 2395 1113 2446 edd.
1134 2394 1259 2445 Hardnin.
1272 2401 1294 2444 l.
1305 2400 1330 2445 t.
1340 2399 1364 2444 1.

271 2459 367 2509 Miller.
379 2461 483 2523 Bipont.
494 2469 521 2510 et
533 2461 625 2512 Franz.
641 2468 665 2510 et
675 2463 820 2510 condimenta
828 2461 995 2524 perniciosiore
1005 2460 1119 2511 Gronov.
1134 2468 1162 2510 et
1173 2461 1206 2509 al.
1218 2469 1280 2510 aute
1298 2459 1365 2509 liar-

273 2523 393 2573 duin.-2
410 2526 469 2575 Vet.
480 2526 571 2576 Dalec.
581 2525 694 2574 ernstius.

770 2637 876 2687 Nom

306 2739 317 2765 θ
334 2734 387 2782 Ner
400 2739 435 2782 est
452 2733 595 2796 intellectus]
616 2735 673 2784 Nec
691 2749 797 2797 pronum
840 2744 865 2797 p.
880 2739 935 2784 12⁵.

274 2815 315 2856 est
327 2809 418 2856 veneni
431 2809 490 2868 rirn,
506 2823 564 2873 qne
576 2810 648 2864 latet,
660 2810 738 2858 odore
757 2809 798 2858 rel
871 2811 1001 2858 silenter·
1019 2809 1096 2874 ritas]
1123 2813 1164 2860 De
1191 2813 1240 2859 hoc
1268 2813 1367 2873 plscito

274 2885 368 2943 sapore
384 2883 594 2945 deprehendere:
621 2899 678 2934 narn
698 2899 742 2933 sen
762 2885 798 2933 si·
839 2887 920 2935 mults
934 2888 1038 2936 erudite
1056 2895 1083 2937 at
1101 2886 1202 2950 copiose
1218 2888 1326 2950 scripsit
1338 2888 1367 2938 iu

273 2971 344 3017 uum,
364 2971 409 3006 sen
428 2973 493 3022 aqns
511 2959 601 3024 tuerit,
620 2960 728 3024 perinde
749 2971 798 3023 est,
839 2968 975 3028 utramque
987 2972 1083 3025 partem
1095 2962 1367 3020 Macrobius,Saturn.

274 3032 467 3098 parutrohiqua
478 3035 537 3084 rina
546 3036 695 3098 discrimen,
707 3038 727 3086 sl
740 3038 799 3087 inde
839 3051 890 3088 vu.
908 3043 931 3088 t.
952 3053 1011 3102 pag.
1027 3045 1084 3089 686.
1097 3048 1122 3088 et
1135 3054 1191 3102 cap.
1202 3045 1226 3088 t.
1238 3054 1298 3103 pag.
1310 3045 1368 3090 ⁶⁹1.

274 3116 350 3171 potus
377 3109 518 3167 hauriatur,
545 3111 613 3162 nnde
641 3115 800 3163 salamandra
841 3115 1043 3167 florendum.
1054 3121 1078 3166 2.
1093 3120 1134 3165 10.
1166 3114 1366 3178 ‘Aoripsnune

274 3186 433 3251 praebiberit.
840 3193 923 3241 victus
936 3195 1021 3243 tonnis
1038 3209 1094 3258 ques
1114 3201 1261 3260 quantaque
1277 3209 1366 3245 secors

306 3261 318 3295 ⁶
336 3262 389 3319 0¹¹⁰
404 3264 728 3326 dinenm1tloatimenn,
746 3279 799 3313 ser·
840 3269 949 3321 Aderat.
973 3273 1094 3336 Inprimis
1106 3273 1190 3322 rsieas
1207 3273 1288 3323 hana:
1306 3289 1367 3324 uara

274 3343 353 3399 pente
377 3337 497 3387 nimirum
522 3347 613 3402 pasta,
636 3341 712 3403 longa
735 3340 800 3391 finnt
841 3347 1367 3414 rarlaeresUtuoceanthominl,credas,

273 3427 359 3462 morsu
378 3413 533 3464 infestiores.
561 3416 675 3465 AEliauns
698 3417 798 3468 Hister.
839 3425 1013 3473 memoriliios
1022 3439 1098 3482 escae,
1111 3426 1174 3478 Qua·
1185 3425 1294 3488 simplex
1304 3425 1368 3476 olim

274 3487 360 3538 sinim.
382 3503 420 3538 rx.
441 3493 480 3538 tt.
503 3490 535 3540 de
556 3491 732 3556 crabronibus,
756 3496 798 3557 qni
840 3498 888 3548 tibi
898 3499 1002 3549 sederit.
1019 3500 1055 3550 At
1068 3501 1141 3550 simul
1153 3501 1216 3549 assis
1228 3498 1368 3550 Miscueris

275 3572 334 3613 aunt
347 3565 431 3627 vespis
442 3579 614 3630 cesrgenerea:
631 3568 661 3616 '0
669 3569 728 3630 γοῦν
737 3571 800 3633 σφὴξ
840 3575 917 3639 elisa,
930 3577 1004 3628 simui
1018 3578 1152 3640 conchylia
1166 3575 1258 3636 turdis,
1272 3575 1368 3626 Dulcis

274 3638 420 3699 ‘limem'
431 3638 505 3700 ‘xm
515 3642 681 3705 Xfldflffltit
692 3645 743 3694 ’Μ
755 3646 800 3704 ris
840 3649 868 3700 se
880 3654 905 3701 in
918 3653 995 3702 bilem
1008 3661 1120 3716 vertent,
1131 3652 1313 3716 stomachoque
1326 3659 1367 3702 tn-

273 3712 378 3774 sums.
395 3715 798 3770 Sinetiamsuotorlibrlhiirnlr.
840 3728 947 3776 multum
967 3729 1049 3777 Lenta
1066 3727 1135 3778 ieret
1150 3728 1253 3790 pituita.
1278 3727 1368 3790 Vides,

274 3788 394 3838 Auscult·
406 3805 429 3854 Ρ.
442 3795 512 3840 1106.
840 3809 868 3850 ut
881 3803 989 3865 pallidus
1003 3805 1084 3853 omnis
1096 3804 1176 3853 Coena
1187 3803 1310 3866 desurgat
1321 3804 1369 3850 dn-

306 3866 404 3915 ‘Pisee
428 3866 567 3931 ementium]
595 3869 799 3935 Ichthyophago·
840 3876 898 3925 bisi
920 3878 989 3929 Quin
1010 3892 1103 3941 corpus
1119 3887 1239 3927 onustum
1259 3877 1369 3926 Hester-

275 3953 339 3987 ΝΜ·
839 3951 878 4000 nis
891 3953 961 4004 striis
973 3955 1083 4003 animum
1101 3967 1202 4016 quoqne
1220 3960 1371 4015 pregrarat

295 4012 318 4044 λ’
333 4017 505 4080 Theophrastus
517 4021 609 4084 prodit]
629 4021 666 4070 Eo
686 4021 754 4072 torsa
773 4025 800 4072 li·
839 4039 899 4086 una,
913 4027 999 4090 Atque
1012 4025 1093 4092 alligit
1108 4027 1184 4076 hunno
1201 4025 1297 4076 divinat
1309 4041 1369 4091 par·

275 4087 332 4148 hro,
343 4105 417 4152 quem
430 4095 558 4156 inscripsit
568 4093 621 4157 sepi
636 4095 701 4158 teies
715 4097 799 4160 pposi-
840 4101 946 4151 ticnlam
958 4103 1046 4151 anre?

275 4179 333 4213 sear
344 4163 382 4211 nat
393 4165 508 4226 dicunda
519 4171 653 4220 animalium
669 4173 765 4221 salente
775 4178 798 4223 rt
871 4173 882 4207 '¹
903 4177 1059 4239 vomitiones]
1075 4178 1205 4241 Frequens
1223 4185 1281 4227 eret
1298 4178 1369 4239 apud

275 4253 347 4303 arere,
363 4241 435 4303 cnjus
453 4241 569 4293 Laertius
588 4247 799 4299 meministine.
841 4259 941 4301 sereres
955 4254 1071 4304 sumendi
1083 4251 1250 4304 cousuetudo.
1278 4255 1370 4304 Cessa-
