3116 4890
524 383 612 432 unu.
635 382 734 432 ursr.
758 381 829 432 ura.
855 384 909 434 xi.
929 368 1002 433 loo.
1218 367 1304 434 2127

213 545 257 591 ex
273 524 415 610 patricia
432 532 526 607 gente
543 524 631 590 filias
647 525 731 592 duas
751 527 795 591 ob
809 526 843 592 id
864 527 1027 610 Sedigitas
1043 526 1232 610 appellatas
1248 547 1304 592 ae·

214 629 373 711 cepimus,
395 632 428 692 et
448 625 644 692 Volcatium
669 628 880 711 Sedigitum:
911 629 1070 694 illustrem
1094 630 1128 693 in
1155 628 1304 713 poetica.

215 729 373 792 Hominis
394 728 491 810 digiti
513 729 674 793 articulos
697 730 820 795 habeut
850 735 973 807 ternos,
1000 731 1114 813 pollex
1137 731 1245 808 binos,
1270 739 1305 796 et

215 831 328 911 digitis
352 825 535 894 aduersus‘
554 831 719 895 universis
742 832 901 897 flectitur:
924 852 982 914 per
1005 851 1043 895 se
1061 851 1142 896 vero
1166 833 1199 894 iu
1221 833 1306 896 obli·

216 950 320 1014 quum
334 930 519 1013 porrigitur,
535 932 679 994 crassior
694 933 822 996 ceteris.
867 932 959 998 Huic
977 934 1131 997 minimus
1153 951 1307 996 mensura

214 1051 276 1114 par
299 1037 392 1095 estr²
414 1031 481 1095 duo
506 1031 628 1114 reliqui
650 1033 729 1109 sibi,
751 1033 837 1096 inter
856 1052 942 1114 qnos
965 1032 1093 1096 medius
1114 1032 1305 1114 longissime

215 1132 435 1214 protenditur.
488 1132 621 1210 Quibus
650 1151 696 1196 ex
725 1134 866 1215 rapina⁸
898 1136 1009 1199 victus
1039 1132 1305 1216 quadrupedum,

215 1235 309 1318 quini
317 1234 415 1316 digiti
426 1235 461 1297 in
472 1234 637 1317 prioribus
647 1233 801 1316 pedibus,
814 1235 951 1318 reliquis
965 1234 1128 1317 quaterni.
1163 1233 1306 1311 Ieoues,

215 1335 300 1418 lupi,
323 1355 437 1413 canes,
457 1343 492 1400 et
514 1354 624 1420 pauca
646 1335 680 1398 in
699 1335 936 1419 posterioribus
952 1353 1088 1419 qnoque
1103 1332 1223 1417 quinos
1246 1355 1308 1399 un·

215 1455 296 1518 gues
310 1438 442 1514 babent,
456 1456 521 1500 uuo
532 1437 633 1520 juxta
644 1437 748 1501 cruris
760 1437 933 1502 articulum
942 1436 1163 1521 dependente:
1179 1435 1308 1519 relique

217 1557 293 1620 quae
319 1535 418 1602 suut¹¹
439 1539 576 1615 minora,
590 1544 624 1603 et
638 1538 783 1620 digitos³
807 1539 939 1621 quinos.
982 1538 1128 1602 Brachia
1149 1557 1216 1602 non
1231 1551 1308 1604 'om-

216 1640 335 1705 nibusi
366 1642 464 1724 paria
492 1652 631 1706 secum*
673 1640 836 1705 Studiose
865 1640 989 1705 Thraci
1017 1642 1053 1704 in
1077 1639 1117 1704 G.
1147 1641 1308 1707 Gaesarisl

216 1740 297 1805 ludo
320 1749 436 1806 uotum
460 1749 512 1806 est
527 1741 679 1806 dextram
703 1743 809 1806 fuisse
828 1743 1059 1826 proceriorem.
1102 1741 1309 1807 Animalium

219 1839 399 1924 quaedam}
421 1848 459 1907 ut
481 1843 646 1920 manibus,
668 1847 797 1909 utuntur
811 1847 958 1928 priorum
973 1844 1155 1909 ministerio
1169 1843 1310 1927 peduma

217 1941 400 2024 sedentque
416 1941 459 2006 ad
475 1961 515 2005 os
530 1942 597 2005 illis
611 1943 824 2008 admoventia
837 1945 943 2016 cibos,
958 1951 996 2008 ut
1011 1944 1123 2008 sciuri.

261 2058 292 2104 o.
314 2039 453 2124 (κων.)
475 2041 565 2105 Nam
593 2038 800 2106 simiarum¹¹
822 2062 939 2124 genera
967 2043 1146 2126 perfectam
1171 2044 1311 2110 hominis

218 2141 433 2207 imitationem
456 2143 635 2218 continent,
655 2141 753 2219 facie,
775 2143 923 2220 naribus,
945 2143 1090 2221 auribus,
1105 2145 1309 2227 palpebris,¹¹¹

218 2262 303 2326 quas
319 2245 404 2309 solae
419 2244 676 2328 quadrupedum
691 2251 727 2308 et
741 2244 775 2308 in
788 2244 943 2308 interiore
956 2244 1080 2308 habent
1094 2264 1189 2327 gena.
1231 2243 1255 2307 J
1256 2263 1310 2308 am

218 2353 401 2410 mammas¹²
423 2346 458 2409 in
482 2349 634 2428 pectore,
660 2349 694 2409 et
717 2344 864 2423 brachia,
886 2350 919 2409 et
944 2363 1039 2410 crura
1058 2345 1092 2409 in
1111 2345 1310 2410 coeuntium
1411 2347 1414 2360 '

217 2627 272 2688 part
283 2629 375 2675 ert—³
392 2624 435 2674 lta
445 2625 519 2674 codd.
532 2624 669 2687 lietduini,
681 2625 772 2674 Dalec.
789 2630 815 2673 et
831 2622 915 2673 Chiffi.
932 2638 990 2675 cunr
1003 2625 1063 2674 edd.
1075 2623 1201 2674 Harduin,
1212 2627 1235 2673 1.
1245 2627 1272 2672 2.
1287 2627 1312 2672 8.

220 2689 315 2738 Miller.
326 2689 433 2766 Ripout.
444 2698 471 2739 et
491 2691 582 2739 Franz.
600 2697 623 2740 et
641 2692 716 2740 deest
731 2689 758 2737 iu
770 2687 885 2737 Gronov.
900 2695 928 2739 et
938 2690 972 2738 al.
983 2687 1230 2739 antellarduin.-4
1247 2689 1311 2737 Cod.

221 2754 487 2867 D⁸c¹⁸r⁰u⁹sss⁸⁰rmdlm
497 2816 744 2867 manuninum.
776 2815 1018 2872 Mosconnum.
1035 2814 1313 2869 massmannum

219 2881 339 2930 contineat
351 2913 357 2928 .
368 2913 375 2928 .
385 2915 391 2930 .
401 2912 408 2929 .
417 2897 469 2945 quc
479 2896 499 2929 a.
510 2898 533 2944 q.
544 2888 566 2930 et
577 2881 713 2940 inferiorem
723 2879 748 2927 tr.
757 2893 852 2939 genum.
868 2881 930 2929 Vet.
948 2881 1037 2931 Dalec.
1049 2894 1106 2947 quur
1115 2896 1136 2932 ι.
1147 2896 1171 2944 q.
1182 2885 1205 2931 rt
1215 2878 1313 2940 iuferio-

219 2959 268 2994 rem
279 2946 303 2994 a.
313 2959 408 3005 genum.
441 2946 581 3008 Meamne.
592 2946 720 2994 Deleant
731 2957 814 2991 mnus
823 2945 959 3004 prolonga.
1066 2954 1082 3010 χ

713 3053 820 3104 NO'l'AE

252 3151 427 3214 'Sedigitm
455 3154 538 3205 Quem
560 3153 594 3203 de
613 3151 696 3216 poetis
715 3151 747 3199 li·
814 3149 821 3182 ¹
843 3149 949 3198 Bruttio
967 3165 1014 3199 uon
1035 3151 1150 3214 mdes]
1177 3150 1219 3200 Ab
1235 3151 1313 3201 simili

221 3225 295 3276 brom
316 3229 460 3291 scripsisse,
480 3236 571 3278 auctor
588 3237 627 3278 eat
646 3226 746 3276 Geltlus
787 3222 888 3274 dextre
902 3226 1061 3288 proceritate
1072 3239 1212 3288 cognomen
1223 3225 1313 3276 babuit

221 3313 267 3350 xv.
278 3305 319 3350 2⁴.
338 3315 396 3365 pag.
407 3306 464 3351 841.
498 3303 578 3353 Extat
597 3303 669 3367 bujua
684 3301 746 3350 Vol·
786 3297 960 3361 longimanus
971 3303 1140 3349 Artaxerxes.

221 3377 285 3427 catii
299 3377 411 3440 Sedigiti
431 3392 533 3426 carmen
551 3379 584 3428 de
603 3377 686 3442 potitis
698 3377 746 3427 Co·
816 3373 825 3418 l
844 3375 873 3422 C.
893 3373 1008 3436 camir]
1026 3374 1159 3436 Caligulae.
1178 3373 1313 3439 Tranquil-

222 3451 306 3512 mlcir‚
317 3453 386 3500 inter
398 3451 591 3514 Epigrammata
602 3451 746 3502 Poiimutia-
787 3451 839 3499 lum
851 3449 910 3498 vide
923 3451 947 3499 in
958 3448 1014 3512 ejus
1025 3451 1089 3499 Vita
1098 3463 1156 3512 etp.
1168 3453 1209 3498 18.

222 3540 272 3590 que
284 3536 373 3575 uetera
385 3526 521 3576 collectae
535 3528 647 3591 Pitlroeo,
660 3527 703 3577 lib.
714 3539 746 3575 ιι.
807 3522 831 3556 '¹¹
848 3524 993 3574 Antmdirmr
1014 3523 1131 3587 quedam]
1164 3523 1243 3574 Arist.
1265 3525 1314 3576 loc.

223 3615 284 3665 pag.
293 3603 335 3651 ul.
788 3599 833 3648 cit.

256 3673 538 3738 ‘Etdigitirnrlcerm]
561 3673 748 3725 avalonum
823 3673 1044 3737 ¹Nourimturum]
1070 3675 1138 3727 Tota
1155 3675 1210 3726 buo
1229 3677 1312 3726 sectio

222 3750 326 3809 raudus,
343 3757 366 3801 et
385 3751 412 3799 br
428 3751 640 3814 digitoa'udoerm
654 3750 747 3799 unirer·
787 3747 1054 3798 Aristotelieiurerbir
1065 3751 1142 3812 ptrue
1159 3757 1270 3815 constat,
1279 3765 1313 3800 ex

222 3829 391 3892 rimjleatitur.
788 3823 890 3874 litator.
902 3823 1067 3873 Animal-ru.
1080 3827 1119 3872 lt.
1130 3839 1189 3889 pag.
1203 3828 1257 3874 199.

254 3902 521 3966 tQulluteoerupian]
539 3901 747 3956 durauerant.
818 3899 989 3962 epauleum]
1015 3898 1083 3950 Quid
1105 3899 1236 3962 palpebras
1259 3901 1313 3950 l’li·

223 3978 310 4028 llnim.
321 3993 360 4028 rr.
373 3983 413 4027 1o.
424 3993 482 4041 pag.
495 3983 568 4029 10³⁵.
786 3975 839 4038 nio,
857 3974 920 4040 quid
946 3987 1018 4037 geum
1045 3973 1112 4035 sinn·
1126 3972 1235 4024 diximus
1254 3989 1313 4040 cup.

255 4050 267 4084 l
285 4051 383 4114 Reliqua
392 4051 517 4116 querunt]
546 4051 628 4102 Arist.
639 4053 688 4102 loc.
700 4053 746 4102 cit.
787 4053 827 4101 bb.
837 4057 866 4098 et
875 4052 917 4098 tt.

224 4123 303 4174 Ratio
323 4135 372 4188 eat,
394 4127 512 4191 quonlam
533 4133 649 4192 serpunt,
663 4126 700 4178 aa
718 4125 748 4176 rb
818 4133 831 4157 ¹
846 4126 904 4174 dom
924 4119 1047 4184 mmmm]
1072 4122 1183 4185 Pupillus
1203 4139 1313 4176 mommo·

224 4199 351 4262 lprwrrrd
364 4199 462 4266 alvoqs.
473 4209 531 4254 τ.λ.
786 4197 1140 4268 ηπ,1ηλλςμαστᾶν,Λῐίι1.
