3142 4882
263 340 348 408 2038
626 355 657 404 c.
680 355 800 406 runai
824 355 985 406 sacunnr

265 505 357 565 nunt.
402 500 489 564 Nam
504 505 538 564 et
550 496 717 564 formicae‘
740 474 880 564 similem
895 499 983 564 ovis·
1012 517 1108 564 vero:
1130 506 1166 563 et
1185 499 1239 564 bae
1255 518 1348 565 conr-r

266 603 470 664 manicantes
491 601 657 664 laborem:
681 599 738 664 sed
761 619 842 682 apes
864 600 984 665 utiles⁸
1004 599 1133 666 iaciunt
1146 600 1270 677 cibos,²
1292 603 1345 666 hae

267 702 425 766 condunt.
470 699 520 765 Ae
542 701 592 764 si³
616 700 692 782 quis
707 708 877 783 comparet
899 719 1000 764 onera
1017 701 1209 784 corporibus
1223 723 1347 772 earum,

267 803 412 869 fateatur
432 804 531 867 nullis
551 800 745 886 portione·²¹
766 803 854 866 vires
875 823 949 868 esse
969 802 1120 886 majores.
1164 803 1294 868 Gerunt
1306 825 1350 868 ea

267 902 400 970 morsa.¹
438 904 569 986 Majora
583 899 724 968 aversaej
741 904 915 987 postremis
930 903 1073 985 pedibus
1087 905 1277 984 moliuntur,
1286 905 1348 968 bu-

267 1008 366 1070 meriu
388 1008 531 1072 obnixae.
576 1004 619 1070 Et
641 1006 685 1069 iis
703 1000 921 1088 reipublicae¹¹
945 1005 1043 1082 ratio,
1063 1006 1234 1084 memoria,
1255 1025 1348 1071 cura.

268 1105 421 1172 Semina¹
437 1127 551 1172 arrosa
565 1106 721 1183 condunt,
736 1125 778 1168 ne
788 1125 897 1171 rursus
912 1107 946 1169 in
958 1105 1065 1187 fruges
1082 1113 1234 1170 exeunte
1252 1113 1348 1171 terra.

268 1207 403 1291 Maiora
428 1208 471 1272 ad
497 1209 664 1273 introitum
688 1207 848 1271 dividunt.
891 1206 1087 1272 Madefacta
1111 1207 1213 1272 imbre
1238 1208 1349 1290 prole·

268 1316 344 1373 runt
365 1316 467 1392 atque
488 1311 623 1374 siccant.
666 1308 883 1392 Operantarm
911 1315 944 1373 et
963 1315 1068 1373 nocta
1092 1309 1191 1391 plena
1215 1309 1350 1374 Lucet*

270 1409 396 1474 eaedem
411 1410 606 1474 interlunio¹²
625 1415 771 1474 cessant.
814 1409 892 1473 lam
905 1409 941 1472 in
955 1427 1055 1492 opere
1068 1409 1125 1493 qui
1140 1408 1251 1472 labor!
1273 1429 1349 1490 quae

271 1510 451 1574 sedulitas!
494 1512 538 1575 Et
554 1511 711 1594 qnoniam
731 1529 774 1573 ex
790 1510 922 1575 diverso
943 1509 1130 1574 convehunt
1154 1509 1254 1572 altera
1269 1509 1349 1572 alte—

167 1647 174 1656 ·
272 1611 340 1674 rius
355 1611 491 1691 ignara,⁵
513 1612 595 1676 certi
609 1610 680 1674 dies
701 1611 745 1675 ad
761 1611 1017 1692 recognitionem
1032 1615 1179 1673 mutuam
1195 1608 1350 1674 nundinis

272 1709 402 1775 dantur.
447 1711 532 1790 Quae
560 1717 639 1776 tanc
668 1730 781 1776 earum
810 1710 1047 1775 concursatio!
1084 1728 1183 1793 qnam
1212 1708 1351 1791 diligens

272 1829 348 1874 cam
362 1813 468 1877 obviis
482 1812 634 1896 quaedam
650 1811 825 1876 collocutio
836 1817 935 1895 atque
948 1810 1189 1894 percunctatio!
1232 1810 1352 1874 Silices

272 1911 388 1975 itinere
403 1933 511 1978 eurum
527 1915 658 1978 attritos
674 1911 836 1988 videmus,
848 1918 882 1975 et
896 1913 931 1976 in
944 1931 1043 1996 opere
1059 1911 1205 1975 semitam
1218 1911 1352 1987 factam,

272 2029 314 2075 ne
328 2013 404 2094 quis
422 2013 547 2080 dubitet
568 2015 715 2099 qnalibet
729 2013 761 2077 iu
775 2033 811 2077 re
828 2013 907 2096 quid
928 2015 1039 2097 possit
1052 2012 1352 2096 quantulacumque

306 2224 318 2247 ⁸
334 2215 633 2281 remansurorum.

722 2361 751 2382 Ν
752 2359 901 2382 ΟΟΟΟΟΟ

309 2489 376 2539 Car.
393 2503 495 2540 xnvr.
512 2496 525 2541 l
543 2491 658 2543 Pintiau.
669 2509 702 2543 ex
713 2493 788 2544 codd.
798 2495 896 2544 &ritem
912 2493 1052 2556 auita-2
1068 2491 1110 2540 lta
1127 2490 1204 2540 codd.
1219 2481 1357 2552 Bardaici,

276 2567 334 2602 cum
346 2553 406 2610 edd.
416 2556 548 2620 antiquiss.
561 2557 620 2606 iteru
633 2557 760 2608 Hardniu.
772 2563 795 2608 1.
808 2562 834 2608 2.
843 2562 867 2606 8.
884 2558 979 2608 Miller.
992 2556 1095 2619 Bipent.
1107 2561 1133 2603 ct
1145 2556 1234 2604 Fraus.
1249 2555 1358 2617 laborem

277 2622 304 2666 ut
314 2633 385 2680 apes:
402 2621 443 2667 sed
452 2621 598 2679 illcesacisnt
609 2622 672 2670 cibos
681 2623 796 2673 Gronov.
807 2628 834 2672 at
845 2623 877 2671 ιΙ.
890 2627 953 2670 vett.
964 2627 1025 2684 part
1034 2619 1143 2668 Froben.
1160 2619 1236 2668 ‘Van
1246 2625 1273 2668 ct
1290 2621 1356 2668 Msr.

277 2687 304 2728 a!
316 2696 369 2745 apes
381 2682 496 2732 tatorem:
511 2687 616 2746 sedam
633 2687 811 2746 utilessaciuut.
844 2685 969 2738 Quadam
987 2699 1111 2732 manuscr.
1129 2681 1207 2730 uerba
1225 2684 1278 2740 illa,
1294 2685 1358 2732 labo-

277 2749 635 2809 ...
649 2750 911 2863 tanturn:
928 2747 1064 2860 naar
1079 2745 1358 2861 arcitanu-

275 2821 436 2946 fflniud
453 2872 536 2923 chiffl.
548 2844 751 2936 phitalaum-t
769 2829 854 2926 Idemp
860 2847 943 2925 codex
958 2875 1056 2936 incra.
1089 2875 1149 2923 var.
1159 2875 1247 2925 Delec.
1262 2874 1359 2937 ἐμω,

276 2939 304 2984 st
325 2949 395 2997 agua
416 2937 514 2988 iroicerr
535 2942 790 3004 recognoscentem.
823 2941 897 3002 Mox,
915 2939 1005 2990 Dslec.
1021 2940 1085 3004 celat
1101 2938 1213 2988 sualmis
1230 2940 1359 2988 denter.-

758 3119 865 3170 NOTAE

308 3225 396 3276 ‘Nam
415 3232 438 3276 et
459 3229 580 3292 fornica]
604 3229 669 3280 llere
691 3232 797 3282 totidem
840 3230 965 3281 Hessius.
978 3229 1096 3279 borarx.
1108 3219 1230 3292 psallo.

275 3302 362 3351 verbis
373 3301 454 3352 Arist.
465 3303 536 3353 llist.
546 3303 631 3354 Anim.
644 3319 669 3354 v.
680 3311 720 3356 2⁰.
739 3321 797 3369 pag.
839 3331 843 3336 ·
871 3314 889 3340 ⁹¹
903 3302 1049 3373 Operatur]
1061 3303 1138 3352 Arist.
1150 3303 1218 3352 Hist.
1226 3302 1308 3352 Aairn.
1317 3317 1358 3354 rr.

277 3381 333 3427 619.
837 3383 1033 3444 62.pag.l!00.
1058 3379 1170 3430 AElianns
1186 3378 1256 3428 Ilist.
1273 3377 1360 3429 Auim-

308 3459 321 3494 r
337 3451 385 3500 Sed
406 3467 459 3514 apes
479 3452 559 3516 aldes]
583 3453 650 3503 Vide
669 3455 751 3505 Notas
770 3461 798 3506 ct
837 3461 926 3506 rats.

277 3526 384 3576 Emand.
398 3540 466 3574 uum.
477 3530 517 3578 ⁶8.
870 3541 881 3566 ¹¹
899 3529 1042 3592 interlunio]
1058 3528 1090 3579 ln
1106 3529 1177 3579 coitu
1193 3529 1269 3594 lunae,
1283 3545 1359 3595 quem

309 3597 321 3630 l
338 3599 461 3664 Porticus]
480 3603 546 3650 Usus
559 3603 607 3652 hac
625 3619 688 3654 voce
705 3606 797 3656 iterum
838 3595 915 3664 diem,
927 3606 1012 3670 iuquit
1025 3605 1125 3653 Plinius
1143 3616 1201 3655 xvr.
1212 3609 1252 3655 74.
1271 3605 1313 3654 alii
1324 3606 1362 3654 iu-

278 3677 416 3739 pcsterius,
426 3691 483 3740 cap.
493 3681 534 3728 td.
545 3683 584 3728 49.
595 3683 635 3728 70.
646 3688 672 3728 at
684 3685 724 3729 73.
837 3679 1033 3740 terlanium,alii
1042 3678 1211 3726 sileatislunoe
1219 3681 1361 3742 appellant.

310 3751 316 3782 ¹
333 3751 426 3814 Morsu]
438 3752 492 3802 Ore
505 3753 621 3802 admorsa
634 3763 728 3818 gerunt
738 3769 797 3807 cue·
837 3760 871 3822 ἢῆ
882 3755 955 3819 ἡμέρᾳ
965 3755 1009 3803 τοῦ
1017 3753 1128 3818 anubem*
1135 3752 1184 3818 νέᾳ,
1195 3755 1363 3817 mmsispriarc

279 3840 306 3875 ra
837 3848 924 3896 quoque
936 3832 973 3880 dic
985 3844 1083 3881 cerame
1095 3827 1213 3878 foraticus
1222 3831 1311 3879 scribit
1319 3831 1362 3880 AE·

307 3899 316 3942 ³
332 3901 440 3965 Acerra]
458 3901 574 3967 objectis
585 3905 710 3956 clunibus.
838 3909 919 3958 liauns
930 3906 1088 3956 Histllnim.
1096 3907 1161 3953 132.
1178 3905 1263 3953 Etiam
1272 3913 1297 3953 ct
1305 3905 1362 3954 snb·

311 3977 371 4025 “Et
391 3979 422 4026 iis
442 3979 585 4043 republica]
613 3980 680 4029 Vide
707 3982 797 4032 AElian.
838 3976 1363 4039 cacodaemonuminstantertartsttter·

279 4051 349 4100 illst.
363 4051 445 4102 Anim.
459 4068 495 4102 rr.
505 4059 545 4103 43,
836 4074 872 4108 2oe
891 4056 1024 4110 eredimus,
1037 4055 1062 4102 in
1075 4053 1217 4102 Hesiodum
1229 4051 1364 4108 scribenti,

310 4125 315 4157 ¹
333 4125 438 4194 Semina]
456 4129 618 4178 Plutarchum
636 4131 693 4180 ride
708 4133 739 4181 de
751 4135 796 4184 So·
837 4137 862 4184 ἐν
872 4129 985 4190 σαββάτῳ
998 4126 1115 4178 καὶλ’τοϋ
1123 4129 1196 4190 μηνὸς
1209 4131 1252 4188 τῆς
1262 4128 1364 4188 smirne

279 4203 334 4251 lert.
360 4199 442 4272 Aninr.
465 4217 522 4266 pag.
540 4207 597 4252 boe.
621 4213 648 4253 et
671 4205 749 4256 Basil.
769 4209 795 4256 in
836 4209 877 4258 οὐκ
888 4203 1016 4270 ἐργάζεται.
