3106 4886
276 393 364 460 2224
641 409 673 455 o.
699 407 817 456 rainu
841 407 1007 456 snouunr

276 552 451 630 tradidere,
464 550 653 628 candidius,
668 549 897 634 nigriusque.¹⁸
942 549 1119 629 Quondam
1137 551 1370 633 praeurebatur

277 654 468 730 candidum,
479 673 565 718 nunc
577 659 693 717 contra
701 652 830 734 nigrum
843 653 1008 728 laudatur,
1021 661 1121 735 atque
1130 655 1232 718 ctiam
1241 657 1371 718 uarium

277 754 454 837 proferunt
479 753 629 818 candido.
674 751 889 816 Certissima¹
919 759 1029 816 tarneu
1056 753 1234 817 nstimatio
1260 773 1301 816 ne
1325 755 1374 818 sit

277 855 443 932 scabrum,
455 863 556 939 atque
568 860 605 919 ut
615 855 700 919 inter
711 873 786 918 soso
799 855 907 918 tritum
919 851 1011 917 tarde
1025 853 1179 918 t'rietur.'⁹
1222 854 1372 918 Damna·

277 963 330 1020 tur
345 958 494 1039 inprimis
510 957 621 1033 molle,
636 963 697 1020 aut
711 957 767 1020 cui
788 955 911 1018 labitur
921 963 934 990 ⁸
956 951 1117 1018 cortex.²⁰'

318 1056 383 1121 dus
396 1060 471 1140 ejus
487 1078 508 1122 a
523 1057 765 1122 Gebauitnrum
777 1075 852 1136 rege
863 1055 939 1119 solo
953 1054 1194 1138 proficiscitur:
1215 1056 1372 1122 isedicto

276 1168 424 1222 mercatu
437 1159 586 1224 vondit²¹
631 1158 744 1222 Pretia
755 1155 922 1239 quondam
935 1157 1026 1220 lucre
1038 1156 1072 1220 in
1084 1157 1188 1220 libras
1201 1157 1372 1222 denarium

277 1259 451 1323 millia.²²¹’
495 1261 636 1324 Aucturn
667 1260 700 1322 id
728 1265 823 1341 parte
852 1258 1015 1322 dimidia*
1047 1266 1110 1334 est,
1145 1259 1302 1336 mononis,
1336 1266 1374 1324 ut

277 1359 393 1436 ferrrut,
408 1361 514 1442 sylvis
535 1361 584 1424 ira
607 1361 829 1424 barbarorum.
875 1359 916 1422 ld
936 1359 1095 1424 acciderit
1116 1361 1194 1422 ob²³
1218 1361 1374 1442 iniquita-

279 1465 343 1524 tem
370 1461 634 1544 praepotentium,
660 1479 703 1522 an
726 1459 818 1536 sorte,
846 1461 1019 1523 nonsatis
1043 1465 1185 1526 constat.
1228 1460 1373 1526 Austros

279 1560 327 1623 ibi
357 1570 424 1625 tam
455 1561 608 1625 ardentes
638 1560 732 1636 flare,
762 1567 800 1624 ut
826 1559 1004 1623 asturibus
1034 1561 1148 1642 sylvas
1178 1560 1372 1638 accendant,

278 1661 464 1726 invenimus
475 1662 567 1746 apud
581 1668 745 1727 auctores.
789 1660 1373 1728 Corotrasertcinnumointorrasili‘⁵

736 1869 915 1894 attenuent

281 2023 312 2070 ts
329 2017 413 2070 chiffl.
435 2021 530 2084 aliique
554 2016 630 2070 codd.
648 2021 716 2083 apud
733 2019 935 2081 Dalecsnrpiuru‚
953 2015 1188 2080 affluensque-lit
1206 2015 1342 2066 Certissima
1353 2023 1374 2067 t.

280 2085 435 2134 enarratione
445 2086 507 2133 sirit
518 2084 625 2132 scutrum
638 2117 676 2133 ...
689 2084 891 2144 turdesrnngotsr
900 2084 957 2131 cod.
967 2083 1058 2131 Doleo.
1071 2081 1209 2130 Certissimo
1217 2087 1236 2130 t.
1247 2082 1376 2133 estimatio

280 2163 309 2198 sss
322 2149 436 2197 ...inter
454 2149 587 2197 sestertium
604 2154 623 2195 t.
636 2146 729 2207 frislar
746 2145 894 2197 cuim-tu
911 2147 954 2195 lta
970 2146 1046 2194 codd.
1056 2146 1141 2195 Tolet.
1152 2143 1236 2195 cutffl.
1247 2155 1274 2196 et
1286 2148 1374 2197 Editio

281 2211 413 2276 princeps,
421 2211 468 2260 uisi
481 2212 547 2275 quod
561 2207 647 2261 cuttu.
660 2210 737 2259 habet
749 2210 901 2259 Dumnissus.
927 2211 958 2259 lu
968 2209 1043 2258 codd.
1058 2209 1139 2271 Regg.
1151 2209 1223 2258 Brut.
1233 2213 1255 2257 l.
1265 2214 1289 2258 t.
1300 2210 1376 2267 ntis.-

280 2277 307 2324 iu
319 2276 505 2325 recerrtioribua
516 2275 576 2325 edd.
588 2282 648 2323 unte
661 2276 775 2332 Brotier‚
785 2274 866 2332 ladutr
884 2274 998 2324 Gronov.
1009 2280 1036 2323 et
1045 2275 1077 2323 al.
1087 2279 1147 2322 aute
1161 2272 1289 2323 llarduiu.
1302 2275 1375 2324 albet.

279 2343 344 2388 -21
362 2340 410 2387 Jus
419 2341 467 2399 ejus
476 2342 508 2389 ad
518 2340 549 2389 G.
561 2354 629 2401 reges
639 2340 699 2387 solos
714 2339 825 2403 proficit:
843 2339 919 2387 tuturis
929 2340 1004 2387 edicto
1015 2343 1117 2386 mento
1128 2339 1238 2386 venditur
1248 2339 1305 2387 cod.
1320 2340 1375 2388 lla·

280 2403 329 2452 lec.
362 2405 415 2452 l'ro
426 2405 502 2452 edicto
513 2405 574 2453 Vct.
584 2404 675 2452 Dalec.
688 2404 765 2452 habat
781 2403 944 2451 indicta-22
961 2403 1004 2451 lta
1020 2401 1094 2451 codd.
1114 2401 1241 2450 Harduiui
1251 2411 1279 2452 et
1289 2401 1374 2453 cntffl.

281 2481 340 2516 curu
351 2466 411 2515 edd.
423 2467 551 2516 Harduin.
565 2472 587 2515 l.
597 2472 621 2516 2.
634 2471 658 2516 8.
670 2467 764 2516 Miller.
783 2468 887 2528 Bipout.
898 2474 926 2514 et
938 2467 1027 2514 Fraus.
1051 2467 1114 2514 milla
1123 2466 1237 2515 Gronov.
1248 2474 1275 2516 et
1286 2467 1376 2530 vrrlgg.

282 2539 342 2580 sote
356 2530 545 2580 flodoin-28
562 2530 605 2579 Its
616 2530 692 2581 codd.
707 2529 830 2580 Harduini
843 2539 870 2579 et
882 2527 967 2580 Clriffi.
987 2531 1050 2579 itetn
1067 2529 1127 2578 edd.
1140 2529 1265 2580 ilarduiu.
1277 2536 1301 2581 l.
1313 2535 1338 2580 ἓ.
1349 2536 1375 2580 8.

279 2593 376 2646 Miller.
387 2593 491 2659 Bipout.
503 2602 529 2645 et
541 2595 632 2644 Fraus.
658 2595 772 2644 ardwit
783 2609 812 2644 ae
823 2594 851 2644 od
861 2595 977 2644 Gronov.
988 2602 1015 2644 et
1027 2593 1086 2643 edd.
1100 2601 1164 2642 vett.

283 2871 371 2919 Dioso.
382 2869 458 2922 affert
469 2886 488 2920 r.
499 2876 539 2922 1³.
557 2869 630 2922 idern
640 2873 738 2936 nigrum
747 2883 806 2922 cau·
847 2871 1097 2936 rasilis,ana31yplra,
1106 2872 1229 2935 sculpta?
1243 2874 1311 2922 Will.
1319 2873 1376 2922 Bri-

281 2944 344 2995 dido
356 2947 501 3007 auteponit.
518 2952 527 2972 .
847 2954 874 2996 to
901 2947 927 2996 iu
946 2948 1071 2998 Vocabul.
1088 2949 1260 2998 ‘luterrasiie
1280 2950 1376 2998 dicitur

314 3020 492 3083 *Gothum
514 3021 613 3071 Similia
631 3023 708 3072 habet
725 3023 809 3072 Diosc.
847 3022 1031 3086 interpolatum
1040 3026 1175 3080 celatura.
1183 3026 1304 3088 otuinus.
1316 3026 1377 3074 Pla-

281 3108 301 3144 t.
318 3097 358 3143 1³.
370 3110 386 3143 a
397 3111 447 3159 quo
458 3104 486 3145 et
505 3099 598 3147 scnbra
613 3099 681 3148 casis
694 3099 809 3162 rejicitur
848 3111 908 3146 nuru
920 3099 987 3146 enirn
999 3099 1066 3148 inter
1082 3101 1229 3155 caelaturas.
1245 3101 1319 3164 qnasi
1338 3114 1377 3148 ra-

264 3185 305 3221 ve.
319 3174 359 3219 tu.
848 3187 903 3222 auru
916 3174 1036 3224 videtur!
1052 3176 1132 3225 Racili
1145 3177 1224 3241 igitur
1233 3177 1377 3224 interrasile

313 3254 325 3280 ⁸
341 3246 391 3295 Ast
401 3248 439 3296 ssi
450 3247 550 3313 hditsr]
567 3249 614 3298 Cui
628 3255 717 3298 cortex
726 3262 739 3296 a
748 3263 809 3298 cau·
847 3249 996 3311 opponitur,
1007 3250 1075 3313 quod
1091 3250 1199 3299 subinde
1213 3250 1337 3300 coelatura
1349 3257 1377 3299 et

282 3319 340 3370 dice
351 3331 445 3384 sponte
457 3324 611 3386 sejungitur.
644 3323 711 3374 vtda
725 3325 808 3374 Notas
849 3323 926 3387 plsno
938 3325 1092 3375 variaturus
1103 3325 1276 3388 distinguitur.
1296 3324 1377 3374 Alex-

282 3403 311 3444 at
321 3396 429 3446 Eruend.
442 3411 512 3446 nour.
524 3402 564 3446 18.
849 3399 948 3449 andern
966 3400 1058 3451 ‘Quod
1069 3415 1137 3450 nune
1148 3401 1295 3466 sculpturis,
1306 3413 1375 3452 nunc

314 3469 474 3520 bDerrsrrinus
491 3472 579 3537 mittio]
601 3474 709 3523 Denarii
730 3475 809 3537 tuille,
850 3475 957 3538 planitia
976 3477 1098 3540 variatur,
1117 3477 1176 3527 lloc
1193 3489 1221 3526 ar
1237 3490 1289 3526 non
1307 3477 1376 3526 aliud

281 3551 393 3594 nrouette
412 3553 507 3596 nostra
526 3546 604 3598 libras
621 3545 810 3614 efficiuntque·
850 3564 914 3613 opus
937 3551 1083 3601 interrasile
1105 3551 1193 3600 dicul
1227 3550 1376 3614 Auouytuus

282 3617 442 3683 dringeutas.
849 3625 883 3674 de
899 3628 979 3688 gestis
998 3627 1158 3676 Constantini
1175 3628 1213 3676 Μ.
1224 3629 1232 3654 ‘
1244 3627 1375 3676 laminam

314 3701 326 3728 ⁰
344 3694 416 3743 Parte
425 3693 536 3756 dimidia]
553 3694 594 3745 lta
610 3707 639 3747 ut
652 3701 761 3761 pretium
772 3699 811 3750 t'o·
850 3715 953 3750 auresrn
959 3702 1036 3765 jurarit
1044 3702 1213 3752 interrasilem
1222 3700 1294 3750 tisri·
1307 3701 1376 3750 Ana-

282 3768 361 3818 retin
379 3767 467 3831 libras,
484 3769 581 3820 denarii
600 3773 668 3822 nriile
687 3781 715 3823 at
736 3774 809 3838 quln-
850 3777 942 3825 statius
953 3777 1055 3826 Biblin
1067 3777 1204 3826 Leonam.
1230 3775 1375 3825 ‘Hicidetn

283 3846 371 3908 genti:
389 3844 437 3895 hoe
455 3853 503 3901 est,
521 3855 630 3900 monete
649 3849 767 3906 Gallice.
779 3851 809 3899 li·
850 3851 949 3899 Prresnl
968 3849 1032 3900 lecit
1042 3883 1048 3900 .
1060 3886 1067 3901 .
1077 3866 1192 3900 ‚crucem
1203 3850 1375 3913 anaglypham

282 3919 337 3969 bra
348 3929 488 3970 sexcenta.
848 3924 1018 3975 interrasilem
1041 3941 1073 3976 ex
1095 3935 1203 3990 argento
1225 3925 1378 3988 purissimo!

314 3994 489 4058 dlutrrrnsili]
514 3997 612 4047 Partim
631 3999 733 4055 celato.
749 4013 808 4063 par·
849 4002 928 4052 Plurn
950 4003 1017 4065 apud
1038 4004 1069 4052 V.
1087 4003 1126 4052 Ci.
1147 4003 1326 4066 liu-Csnginrn
1348 4005 1375 4053 in

283 4068 328 4117 tim
340 4071 427 4132 plano.
458 4071 501 4122 Sic
513 4079 520 4100 ‘
533 4072 675 4122 interrasa'
693 4089 809 4123 rasorum
850 4075 982 4127 Glossario
994 4077 1195 4138 side,undeirta
1205 4075 1259 4128 lere
1268 4079 1376 4143 decerp-

282 4146 364 4193 iatsra
375 4145 440 4196 dirit
451 4153 607 4198 anxitudo.
632 4156 638 4177 ⁴
651 4149 809 4200 luterrasurn
851 4150 938 4216 riorus.

282 4219 412 4281 marmor,'
423 4233 508 4274 xxxv.
519 4229 542 4272 1.
575 4224 687 4288 Papias:
705 4225 713 4250 ‘
726 4224 811 4274 iuter·
