<?xml version="1.0" encoding="UTF-8"?>
<!DOCTYPE html PUBLIC "-//W3C//DTD XHTML 1.0 Transitional//EN"
    "http://www.w3.org/TR/xhtml1/DTD/xhtml1-transitional.dtd">
<html xmlns="http://www.w3.org/1999/xhtml" xml:lang="en" lang="en">
 <head>
  <title>
</title>
<meta http-equiv="Content-Type" content="text/html;charset=utf-8" />
  <meta name='ocr-system' content='tesseract 3.04.00' />
  <meta name='ocr-capabilities' content='ocr_page ocr_carea ocr_par ocr_line ocrx_word'/>
</head>
<body>
  <div class='ocr_page' id='page_1' title='image "./cpliniisecundin06brotgoog_0405.png"; bbox 0 0 3142 4882; ppageno 0'>
   <div class='ocr_carea' id='block_1_1' title="bbox 291 389 1014 456">
    <p class='ocr_par' dir='ltr' id='par_1_1' title="bbox 291 389 1014 456">
     <span class='ocr_line' id='line_1_1' title="bbox 291 389 1014 456; baseline -0.004 0"><span class='ocrx_word' id='word_1_1' title='bbox 291 389 376 456; x_wconf 76' lang='grc'><strong>2078</strong></span> <span class='ocrx_word' id='word_1_2' title='bbox 647 408 678 455; x_wconf 91' lang='lat' dir='ltr'><strong>o.</strong></span> <span class='ocrx_word' id='word_1_3' title='bbox 703 407 824 455; x_wconf 76' lang='lat' dir='ltr'><strong>rursu</strong></span> <span class='ocrx_word' id='word_1_4' title='bbox 849 399 1014 454; x_wconf 76' lang='lat' dir='ltr'><strong>saeuum</strong></span> 
     </span>
    </p>
   </div>
   <div class='ocr_carea' id='block_1_2' title="bbox 288 546 1446 1234">
    <p class='ocr_par' dir='ltr' id='par_1_2' title="bbox 288 546 1446 1234">
     <span class='ocr_line' id='line_1_2' title="bbox 291 546 1446 632; baseline -0.003 -19"><span class='ocrx_word' id='word_1_5' title='bbox 291 549 422 623; x_wconf 83' lang='lat' dir='ltr'><strong>amittit,</strong></span> <span class='ocrx_word' id='word_1_6' title='bbox 437 547 496 632; x_wconf 89' lang='lat' dir='ltr'><strong>qui</strong></span> <span class='ocrx_word' id='word_1_7' title='bbox 508 551 602 612; x_wconf 85' lang='lat' dir='ltr'><strong>sexto</strong></span> <span class='ocrx_word' id='word_1_8' title='bbox 617 551 935 612; x_wconf 86' lang='lat' dir='ltr'><strong>annoreuasountur.</strong></span> <span class='ocrx_word' id='word_1_9' title='bbox 979 546 1130 629; x_wconf 87' lang='lat' dir='ltr'><strong>Septimo</strong></span> <span class='ocrx_word' id='word_1_10' title='bbox 1142 565 1259 610; x_wconf 88' lang='lat' dir='ltr'><strong>omnes</strong></span> <span class='ocrx_word' id='word_1_11' title='bbox 1273 547 1385 612; x_wconf 78' lang='lat' dir='ltr'><strong>habet</strong></span> <span class='ocrx_word' id='word_1_12' title='bbox 1442 557 1446 565; x_wconf 83' lang='grc'><em>“</em></span> 
     </span>
     <span class='ocr_line' id='line_1_3' title="bbox 290 639 1375 730; baseline -0.004 -16"><span class='ocrx_word' id='word_1_13' title='bbox 290 656 322 714; x_wconf 91' lang='lat' dir='ltr'><strong>et</strong></span> <span class='ocrx_word' id='word_1_14' title='bbox 338 639 478 724; x_wconf 81' lang='lat' dir='ltr'><strong>renatos,</strong></span> <span class='ocrx_word' id='word_1_15' title='bbox 490 657 524 712; x_wconf 89' lang='lat' dir='ltr'><strong>et</strong></span> <span class='ocrx_word' id='word_1_16' title='bbox 534 649 768 712; x_wconf 88' lang='lat' dir='ltr'><strong>immutabiles.</strong></span> <span class='ocrx_word' id='word_1_17' title='bbox 812 648 910 730; x_wconf 84' lang='lat' dir='ltr'><strong>Equo</strong></span> <span class='ocrx_word' id='word_1_18' title='bbox 926 643 1093 712; x_wconf 76' lang='lat' dir='ltr'><strong>castrato¹</strong></span> <span class='ocrx_word' id='word_1_19' title='bbox 1111 648 1215 729; x_wconf 86' lang='lat' dir='ltr'><strong>prius,</strong></span> <span class='ocrx_word' id='word_1_20' title='bbox 1232 667 1296 710; x_wconf 91' lang='lat' dir='ltr'><strong>non</strong></span> <span class='ocrx_word' id='word_1_21' title='bbox 1318 647 1375 710; x_wconf 91' lang='lat' dir='ltr'><strong>de·</strong></span> 
     </span>
     <span class='ocr_line' id='line_1_4' title="bbox 291 747 1375 830; baseline -0.002 -17"><span class='ocrx_word' id='word_1_22' title='bbox 291 749 403 813; x_wconf 88' lang='lat' dir='ltr'><strong>cidunt</strong></span> <span class='ocrx_word' id='word_1_23' title='bbox 416 748 540 813; x_wconf 90' lang='lat' dir='ltr'><strong>dentes.</strong></span> <span class='ocrx_word' id='word_1_24' title='bbox 583 748 759 813; x_wconf 81' lang='lat' dir='ltr'><strong>Asinorurn</strong></span> <span class='ocrx_word' id='word_1_25' title='bbox 776 757 904 830; x_wconf 68' lang='lat' dir='ltr'><strong>genus⁸</strong></span> <span class='ocrx_word' id='word_1_26' title='bbox 919 749 1207 812; x_wconf 87' lang='lat' dir='ltr'><strong>tricesimomanse</strong></span> <span class='ocrx_word' id='word_1_27' title='bbox 1222 747 1375 811; x_wconf 88' lang='lat' dir='ltr'><strong>similiter</strong></span> 
     </span>
     <span class='ocr_line' id='line_1_5' title="bbox 290 845 1373 930; baseline -0.001 -17"><span class='ocrx_word' id='word_1_28' title='bbox 290 850 421 925; x_wconf 88' lang='lat' dir='ltr'><strong>amittit,</strong></span> <span class='ocrx_word' id='word_1_29' title='bbox 436 846 679 914; x_wconf 76' lang='lat' dir='ltr'><strong>doirrdesenisl</strong></span> <span class='ocrx_word' id='word_1_30' title='bbox 700 849 880 912; x_wconf 86' lang='lat' dir='ltr'><strong>mensibus.</strong></span> <span class='ocrx_word' id='word_1_31' title='bbox 924 846 1024 925; x_wconf 81' lang='lat' dir='ltr'><strong>Quod</strong></span> <span class='ocrx_word' id='word_1_32' title='bbox 1049 847 1079 910; x_wconf 88' lang='lat' dir='ltr'><strong>si</strong></span> <span class='ocrx_word' id='word_1_33' title='bbox 1100 845 1183 910; x_wconf 89' lang='lat' dir='ltr'><strong>non¹</strong></span> <span class='ocrx_word' id='word_1_34' title='bbox 1206 849 1299 929; x_wconf 83' lang='lat' dir='ltr'><strong>prius</strong></span> <span class='ocrx_word' id='word_1_35' title='bbox 1314 867 1373 930; x_wconf 88' lang='lat' dir='ltr'><strong>pe·</strong></span> 
     </span>
     <span class='ocr_line' id='line_1_6' title="bbox 289 947 1374 1032; baseline -0.001 -20"><span class='ocrx_word' id='word_1_36' title='bbox 289 968 414 1031; x_wconf 89' lang='lat' dir='ltr'><strong>perere,</strong></span> <span class='ocrx_word' id='word_1_37' title='bbox 437 968 536 1032; x_wconf 89' lang='lat' dir='ltr'><strong>quam</strong></span> <span class='ocrx_word' id='word_1_38' title='bbox 563 949 715 1014; x_wconf 80' lang='lat' dir='ltr'>decidant</span> <span class='ocrx_word' id='word_1_39' title='bbox 736 949 907 1031; x_wconf 79' lang='lat' dir='ltr'>postremi,</span> <span class='ocrx_word' id='word_1_40' title='bbox 932 949 1091 1013; x_wconf 77' lang='lat' dir='ltr'><strong>sterilitas</strong></span> <span class='ocrx_word' id='word_1_41' title='bbox 1115 953 1214 1013; x_wconf 88' lang='lat' dir='ltr'><strong>certa.</strong></span> <span class='ocrx_word' id='word_1_42' title='bbox 1259 947 1374 1011; x_wconf 80' lang='lat' dir='ltr'><strong>Boves</strong></span> 
     </span>
     <span class='ocr_line' id='line_1_7' title="bbox 288 1045 1373 1130; baseline -0.001 -17"><span class='ocrx_word' id='word_1_43' title='bbox 288 1046 379 1114; x_wconf 74' lang='lat' dir='ltr'><strong>bimiJ&#39;</strong></span> <span class='ocrx_word' id='word_1_44' title='bbox 417 1056 570 1114; x_wconf 84' lang='lat' dir='ltr'><strong>mntant.¹</strong></span> <span class='ocrx_word' id='word_1_45' title='bbox 621 1045 769 1114; x_wconf 70' lang='lat' dir='ltr'><strong>Suibusk</strong></span> <span class='ocrx_word' id='word_1_46' title='bbox 799 1049 959 1113; x_wconf 89' lang='lat' dir='ltr'><strong>decidunt</strong></span> <span class='ocrx_word' id='word_1_47' title='bbox 982 1067 1159 1130; x_wconf 85' lang='lat' dir='ltr'><strong>nunquam.</strong></span> <span class='ocrx_word' id='word_1_48' title='bbox 1202 1046 1373 1112; x_wconf 85' lang='lat' dir='ltr'><strong>Absumta</strong></span> 
     </span>
     <span class='ocr_line' id='line_1_8' title="bbox 288 1148 1373 1234; baseline -0.003 -21"><span class='ocrx_word' id='word_1_49' title='bbox 288 1150 350 1216; x_wconf 87' lang='lat' dir='ltr'><strong>huo</strong></span> <span class='ocrx_word' id='word_1_50' title='bbox 366 1150 606 1226; x_wconf 82' lang='lat' dir='ltr'><strong>obseruatione,</strong></span> <span class='ocrx_word' id='word_1_51' title='bbox 623 1155 777 1214; x_wconf 88' lang='lat' dir='ltr'><strong>senectus</strong></span> <span class='ocrx_word' id='word_1_52' title='bbox 792 1151 824 1213; x_wconf 91' lang='lat' dir='ltr'><strong>in</strong></span> <span class='ocrx_word' id='word_1_53' title='bbox 837 1150 946 1234; x_wconf 90' lang='lat' dir='ltr'><strong>equis,</strong></span> <span class='ocrx_word' id='word_1_54' title='bbox 957 1157 991 1214; x_wconf 88' lang='lat' dir='ltr'><strong>et</strong></span> <span class='ocrx_word' id='word_1_55' title='bbox 1003 1150 1122 1212; x_wconf 87' lang='lat' dir='ltr'><strong>ceteris</strong></span> <span class='ocrx_word' id='word_1_56' title='bbox 1136 1149 1306 1224; x_wconf 78' lang='lat' dir='ltr'><strong>veterinis,</strong></span> <span class='ocrx_word' id='word_1_57' title='bbox 1321 1148 1373 1210; x_wconf 89' lang='lat' dir='ltr'><strong>in·</strong></span> 
     </span>
    </p>
   </div>
   <div class='ocr_carea' id='block_1_3' title="bbox 180 1246 1374 1340">
    <p class='ocr_par' dir='ltr' id='par_1_3' title="bbox 180 1246 1374 1340">
     <span class='ocr_line' id='line_1_9' title="bbox 180 1246 1374 1340; baseline 0 -26"><span class='ocrx_word' id='word_1_58' title='bbox 180 1329 185 1340; x_wconf 31' lang='lat'>¹</span> <span class='ocrx_word' id='word_1_59' title='bbox 287 1251 445 1332; x_wconf 79' lang='lat' dir='ltr'><strong>telligitur</strong></span> <span class='ocrx_word' id='word_1_60' title='bbox 472 1251 616 1314; x_wconf 89' lang='lat' dir='ltr'><strong>dentium</strong></span> <span class='ocrx_word' id='word_1_61' title='bbox 644 1246 874 1328; x_wconf 80' lang='lat' dir='ltr'><strong>brochitate,³¹</strong></span> <span class='ocrx_word' id='word_1_62' title='bbox 905 1251 1154 1334; x_wconf 81' lang='lat' dir='ltr'><strong>superciliorum</strong></span> <span class='ocrx_word' id='word_1_63' title='bbox 1180 1251 1315 1327; x_wconf 84' lang='lat' dir='ltr'><strong>canitie,</strong></span> <span class='ocrx_word' id='word_1_64' title='bbox 1338 1255 1374 1314; x_wconf 90' lang='lat' dir='ltr'><strong>et</strong></span> 
     </span>
    </p>
   </div>
   <div class='ocr_carea' id='block_1_4' title="bbox 285 1350 1374 1834">
    <p class='ocr_par' dir='ltr' id='par_1_4' title="bbox 285 1350 1374 1834">
     <span class='ocr_line' id='line_1_10' title="bbox 288 1350 1374 1428; baseline -0.004 -14"><span class='ocrx_word' id='word_1_65' title='bbox 288 1351 377 1415; x_wconf 87' lang='lat' dir='ltr'><strong>circa</strong></span> <span class='ocrx_word' id='word_1_66' title='bbox 400 1369 440 1414; x_wconf 85' lang='lat' dir='ltr'><strong>ea</strong></span> <span class='ocrx_word' id='word_1_67' title='bbox 453 1351 591 1428; x_wconf 81' lang='lat' dir='ltr'><strong>lacunis,</strong></span> <span class='ocrx_word' id='word_1_68' title='bbox 609 1370 685 1415; x_wconf 88' lang='lat' dir='ltr'><strong>cum</strong></span> <span class='ocrx_word' id='word_1_69' title='bbox 699 1351 767 1415; x_wconf 83' lang='lat' dir='ltr'><strong>fere</strong></span> <span class='ocrx_word' id='word_1_70' title='bbox 786 1352 928 1416; x_wconf 83' lang='lat' dir='ltr'><strong>sedecim</strong></span> <span class='ocrx_word' id='word_1_71' title='bbox 951 1369 1111 1416; x_wconf 89' lang='lat' dir='ltr'><strong>annorum</strong></span> <span class='ocrx_word' id='word_1_72' title='bbox 1133 1350 1374 1415; x_wconf 81' lang='lat' dir='ltr'><strong>existimantur.</strong></span> 
     </span>
     <span class='ocr_line' id='line_1_11' title="bbox 288 1449 1372 1534; baseline 0.002 -21"><span class='ocrx_word' id='word_1_73' title='bbox 288 1449 472 1515; x_wconf 84' lang='lat' dir='ltr'><strong>Hominum</strong></span> <span class='ocrx_word' id='word_1_74' title='bbox 499 1451 683 1517; x_wconf 71' lang='lat' dir='ltr'><strong>dontibus&#39;l</strong></span> <span class='ocrx_word' id='word_1_75' title='bbox 707 1451 874 1533; x_wconf 81' lang='lat' dir='ltr'><strong>quoddam</strong></span> <span class='ocrx_word' id='word_1_76' title='bbox 898 1453 986 1515; x_wconf 89' lang='lat' dir='ltr'><strong>inest</strong></span> <span class='ocrx_word' id='word_1_77' title='bbox 1009 1451 1113 1515; x_wconf 90' lang='lat' dir='ltr'><strong>virus.</strong></span> <span class='ocrx_word' id='word_1_78' title='bbox 1158 1449 1312 1534; x_wconf 85' lang='lat' dir='ltr'><strong>Namque</strong></span> <span class='ocrx_word' id='word_1_79' title='bbox 1337 1457 1372 1515; x_wconf 90' lang='lat' dir='ltr'><strong>et</strong></span> 
     </span>
     <span class='ocr_line' id='line_1_12' title="bbox 286 1550 1371 1634; baseline 0 -20"><span class='ocrx_word' id='word_1_80' title='bbox 286 1551 412 1634; x_wconf 83' lang='lat' dir='ltr'><strong>speculi</strong></span> <span class='ocrx_word' id='word_1_81' title='bbox 425 1553 585 1615; x_wconf 80' lang='lat' dir='ltr'><strong>nitoremn</strong></span> <span class='ocrx_word' id='word_1_82' title='bbox 607 1569 651 1618; x_wconf 84' lang='lat' dir='ltr'><strong>ex</strong></span> <span class='ocrx_word' id='word_1_83' title='bbox 667 1550 807 1615; x_wconf 83' lang='lat' dir='ltr'><strong>adverso</strong></span> <span class='ocrx_word' id='word_1_84' title='bbox 822 1551 937 1616; x_wconf 90' lang='lat' dir='ltr'><strong>nudati</strong></span> <span class='ocrx_word' id='word_1_85' title='bbox 957 1550 1123 1619; x_wconf 91' lang='lat' dir='ltr'><strong>hebetant,</strong></span> <span class='ocrx_word' id='word_1_86' title='bbox 1145 1557 1181 1613; x_wconf 89' lang='lat' dir='ltr'><strong>et</strong></span> <span class='ocrx_word' id='word_1_87' title='bbox 1203 1550 1371 1614; x_wconf 83' lang='lat' dir='ltr'><strong>columba·</strong></span> 
     </span>
     <span class='ocr_line' id='line_1_13' title="bbox 285 1649 1371 1734; baseline -0.001 -20"><span class='ocrx_word' id='word_1_88' title='bbox 285 1657 381 1714; x_wconf 88' lang='lat' dir='ltr'><strong>rum⁰</strong></span> <span class='ocrx_word' id='word_1_89' title='bbox 402 1651 504 1716; x_wconf 86' lang='lat' dir='ltr'><strong>ioetus</strong></span> <span class='ocrx_word' id='word_1_90' title='bbox 531 1651 708 1734; x_wconf 86' lang='lat' dir='ltr'><strong>implumes</strong></span> <span class='ocrx_word' id='word_1_91' title='bbox 730 1657 860 1718; x_wconf 78' lang='lat' dir='ltr'><strong>necant</strong></span> <span class='ocrx_word' id='word_1_92' title='bbox 905 1649 1050 1734; x_wconf 84' lang='lat' dir='ltr'><strong>Reliqua</strong></span> <span class='ocrx_word' id='word_1_93' title='bbox 1076 1649 1117 1712; x_wconf 89' lang='lat' dir='ltr'><strong>do</strong></span> <span class='ocrx_word' id='word_1_94' title='bbox 1130 1650 1171 1713; x_wconf 88' lang='lat' dir='ltr'><strong>iis</strong></span> <span class='ocrx_word' id='word_1_95' title='bbox 1193 1650 1226 1712; x_wconf 89' lang='lat' dir='ltr'><strong>in</strong></span> <span class='ocrx_word' id='word_1_96' title='bbox 1239 1667 1371 1730; x_wconf 88' lang='lat' dir='ltr'><strong>genera-</strong></span> 
     </span>
     <span class='ocr_line' id='line_1_14' title="bbox 285 1748 1371 1834; baseline 0 -21"><span class='ocrx_word' id='word_1_97' title='bbox 285 1751 376 1814; x_wconf 89' lang='lat' dir='ltr'><strong>tione</strong></span> <span class='ocrx_word' id='word_1_98' title='bbox 389 1750 555 1816; x_wconf 89' lang='lat' dir='ltr'><strong>hominum</strong></span> <span class='ocrx_word' id='word_1_99' title='bbox 570 1751 660 1816; x_wconf 89' lang='lat' dir='ltr'><strong>dicta</strong></span> <span class='ocrx_word' id='word_1_100' title='bbox 681 1757 783 1814; x_wconf 73' lang='lat' dir='ltr'><strong>suntl’</strong></span> <span class='ocrx_word' id='word_1_101' title='bbox 826 1750 1113 1834; x_wconf 75' lang='lat' dir='ltr'><strong>Emmpentibus,⁸¹</strong></span> <span class='ocrx_word' id='word_1_102' title='bbox 1146 1748 1277 1813; x_wconf 78' lang='lat' dir='ltr'><strong>morbi⁴</strong></span> <span class='ocrx_word' id='word_1_103' title='bbox 1298 1769 1371 1813; x_wconf 86' lang='lat' dir='ltr'><strong>cor·</strong></span> 
     </span>
    </p>
   </div>
   <div class='ocr_carea' id='block_1_5' title="bbox 736 1928 914 1949">
    <p class='ocr_par' dir='ltr' id='par_1_5' title="bbox 736 1928 914 1949">
     <span class='ocr_line' id='line_1_15' title="bbox 736 1928 914 1949; baseline 0 -1"><span class='ocrx_word' id='word_1_104' title='bbox 736 1928 914 1949; x_wconf 67' lang='lat' dir='ltr'><strong>uuooueen</strong></span> 
     </span>
    </p>
   </div>
   <div class='ocr_carea' id='block_1_6' title="bbox 283 2055 1372 2320">
    <p class='ocr_par' dir='ltr' id='par_1_6' title="bbox 283 2055 1372 2320">
     <span class='ocr_line' id='line_1_16' title="bbox 284 2055 1369 2120; baseline -0.005 -11"><span class='ocrx_word' id='word_1_105' title='bbox 284 2058 395 2109; x_wconf 79' lang='lat' dir='ltr'><strong>Aristot.</strong></span> <span class='ocrx_word' id='word_1_106' title='bbox 405 2059 474 2108; x_wconf 85' lang='lat' dir='ltr'><strong>llirt.</strong></span> <span class='ocrx_word' id='word_1_107' title='bbox 487 2058 571 2107; x_wconf 71' lang='lat' dir='ltr'><strong>duim.</strong></span> <span class='ocrx_word' id='word_1_108' title='bbox 582 2071 620 2106; x_wconf 87' lang='lat' dir='ltr'><strong>vr.</strong></span> <span class='ocrx_word' id='word_1_109' title='bbox 631 2059 671 2106; x_wconf 74' lang='lat'><strong>21.</strong></span> <span class='ocrx_word' id='word_1_110' title='bbox 688 2055 818 2118; x_wconf 71' lang='lat' dir='ltr'><strong>vulgatam</strong></span> <span class='ocrx_word' id='word_1_111' title='bbox 836 2057 936 2120; x_wconf 85' lang='lat' dir='ltr'><strong>probat.</strong></span> <span class='ocrx_word' id='word_1_112' title='bbox 962 2055 1259 2108; x_wconf 79' lang='lat' dir='ltr'><strong>Boemlimutoatclriffl.</strong></span> <span class='ocrx_word' id='word_1_113' title='bbox 1295 2056 1369 2114; x_wconf 81' lang='lat' dir='ltr'><strong>Mox,</strong></span> 
     </span>
     <span class='ocr_line' id='line_1_17' title="bbox 284 2120 1370 2183; baseline -0.001 -12"><span class='ocrx_word' id='word_1_114' title='bbox 284 2124 309 2172; x_wconf 89' lang='lat' dir='ltr'><strong>in</strong></span> <span class='ocrx_word' id='word_1_115' title='bbox 322 2123 412 2171; x_wconf 83' lang='lat' dir='ltr'><strong>eodem</strong></span> <span class='ocrx_word' id='word_1_116' title='bbox 431 2121 530 2179; x_wconf 83' lang='lat' dir='ltr'><strong>codice,</strong></span> <span class='ocrx_word' id='word_1_117' title='bbox 546 2120 633 2170; x_wconf 75' lang='lat' dir='ltr'><strong>Seioua</strong></span> <span class='ocrx_word' id='word_1_118' title='bbox 652 2135 699 2169; x_wconf 77' lang='lat' dir='ltr'><strong>aon</strong></span> <span class='ocrx_word' id='word_1_119' title='bbox 708 2121 817 2169; x_wconf 75' lang='lat' dir='ltr'><strong>decidant</strong></span> <span class='ocrx_word' id='word_1_120' title='bbox 827 2126 986 2183; x_wconf 62' lang='lat' dir='ltr'><strong>anquam—⁸</strong></span> <span class='ocrx_word' id='word_1_121' title='bbox 1003 2123 1064 2170; x_wconf 85' lang='lat' dir='ltr'><strong>Vet.</strong></span> <span class='ocrx_word' id='word_1_122' title='bbox 1074 2122 1163 2171; x_wconf 81' lang='lat' dir='ltr'><strong>Delee.</strong></span> <span class='ocrx_word' id='word_1_123' title='bbox 1174 2122 1278 2170; x_wconf 72' lang='lat' dir='ltr'><strong>dentiam</strong></span> <span class='ocrx_word' id='word_1_124' title='bbox 1286 2121 1370 2170; x_wconf 77' lang='lat' dir='ltr'><strong>naara</strong></span> 
     </span>
     <span class='ocr_line' id='line_1_18' title="bbox 283 2184 1372 2247; baseline -0.003 -13"><span class='ocrx_word' id='word_1_125' title='bbox 283 2187 485 2235; x_wconf 72' lang='lat' dir='ltr'><strong>armillata-⁴</strong></span> <span class='ocrx_word' id='word_1_126' title='bbox 502 2186 592 2235; x_wconf 76' lang='lat' dir='ltr'><strong>Doleo.</strong></span> <span class='ocrx_word' id='word_1_127' title='bbox 610 2184 709 2232; x_wconf 67' lang='lat' dir='ltr'><strong>molor.</strong></span> <span class='ocrx_word' id='word_1_128' title='bbox 750 2185 824 2243; x_wconf 80' lang='lat' dir='ltr'><strong>Mox,</strong></span> <span class='ocrx_word' id='word_1_129' title='bbox 850 2184 1053 2246; x_wconf 66' lang='lat' dir='ltr'><strong>proiefeetirrn.</strong></span> <span class='ocrx_word' id='word_1_130' title='bbox 1075 2185 1142 2247; x_wconf 89' lang='lat' dir='ltr'><strong>quod</strong></span> <span class='ocrx_word' id='word_1_131' title='bbox 1169 2191 1272 2233; x_wconf 82' lang='lat' dir='ltr'><strong>serrant</strong></span> <span class='ocrx_word' id='word_1_132' title='bbox 1293 2184 1372 2232; x_wconf 88' lang='lat' dir='ltr'><strong>codd.</strong></span> 
     </span>
     <span class='ocr_line' id='line_1_19' title="bbox 283 2246 1370 2320; baseline -0.005 -21"><span class='ocrx_word' id='word_1_133' title='bbox 283 2249 411 2300; x_wconf 74' lang='lat' dir='ltr'><strong>lietduini</strong></span> <span class='ocrx_word' id='word_1_134' title='bbox 428 2257 456 2299; x_wconf 81' lang='lat' dir='ltr'><strong>et</strong></span> <span class='ocrx_word' id='word_1_135' title='bbox 474 2246 557 2298; x_wconf 76' lang='lat' dir='ltr'><strong>chiffl.</strong></span> <span class='ocrx_word' id='word_1_136' title='bbox 584 2248 694 2308; x_wconf 60' lang='lat' dir='ltr'><strong>wanlia</strong></span> <span class='ocrx_word' id='word_1_137' title='bbox 705 2247 802 2297; x_wconf 85' lang='lat' dir='ltr'><strong>hebent</strong></span> <span class='ocrx_word' id='word_1_138' title='bbox 812 2247 888 2298; x_wconf 91' lang='lat' dir='ltr'><strong>codd.</strong></span> <span class='ocrx_word' id='word_1_139' title='bbox 903 2247 992 2299; x_wconf 76' lang='lat' dir='ltr'><strong>llatae.</strong></span> <span class='ocrx_word' id='word_1_140' title='bbox 1019 2249 1125 2320; x_wconf 75' lang='lat' dir='ltr'><strong>iesurlio</strong></span> <span class='ocrx_word' id='word_1_141' title='bbox 1138 2249 1198 2298; x_wconf 80' lang='lat' dir='ltr'><strong>Vel.</strong></span> <span class='ocrx_word' id='word_1_142' title='bbox 1211 2247 1370 2311; x_wconf 75' lang='lat' dir='ltr'><strong>ejusdem.-</strong></span> 
     </span>
    </p>
   </div>
   <div class='ocr_carea' id='block_1_7' title="bbox 772 2436 879 2487">
    <p class='ocr_par' dir='ltr' id='par_1_7' title="bbox 772 2436 879 2487">
     <span class='ocr_line' id='line_1_20' title="bbox 772 2436 879 2487; baseline 0 0"><span class='ocrx_word' id='word_1_143' title='bbox 772 2436 879 2487; x_wconf 72' lang='lat' dir='ltr'><strong>NOTAE</strong></span> 
     </span>
    </p>
   </div>
   <div class='ocr_carea' id='block_1_8' title="bbox 280 2547 1371 2837">
    <p class='ocr_par' dir='ltr' id='par_1_8' title="bbox 282 2547 1371 2688">
     <span class='ocr_line' id='line_1_21' title="bbox 282 2547 1368 2614; baseline 0.003 -16"><span class='ocrx_word' id='word_1_144' title='bbox 282 2549 309 2598; x_wconf 87' lang='lat' dir='ltr'><strong>lu</strong></span> <span class='ocrx_word' id='word_1_145' title='bbox 321 2547 553 2610; x_wconf 67' lang='lat' dir='ltr'><strong>Gellirmengouee</strong></span> <span class='ocrx_word' id='word_1_146' title='bbox 570 2548 645 2610; x_wconf 71' lang='lat' dir='ltr'><strong>vulgo</strong></span> <span class='ocrx_word' id='word_1_147' title='bbox 662 2553 755 2597; x_wconf 84' lang='lat' dir='ltr'><strong>recent</strong></span> <span class='ocrx_word' id='word_1_148' title='bbox 771 2549 806 2596; x_wconf 84' lang='lat' dir='ltr'><strong>lee</strong></span> <span class='ocrx_word' id='word_1_149' title='bbox 845 2557 905 2599; x_wconf 88' lang='lat' dir='ltr'><strong>runt</strong></span> <span class='ocrx_word' id='word_1_150' title='bbox 924 2550 1029 2612; x_wconf 84' lang='lat' dir='ltr'><strong>brochi,’</strong></span> <span class='ocrx_word' id='word_1_151' title='bbox 1051 2551 1134 2614; x_wconf 89' lang='lat' dir='ltr'><strong>inquit</strong></span> <span class='ocrx_word' id='word_1_152' title='bbox 1150 2553 1234 2600; x_wconf 79' lang='lat' dir='ltr'><strong>Varro</strong></span> <span class='ocrx_word' id='word_1_153' title='bbox 1252 2551 1302 2600; x_wconf 89' lang='lat' dir='ltr'><strong>loe.</strong></span> <span class='ocrx_word' id='word_1_154' title='bbox 1322 2551 1368 2601; x_wconf 89' lang='lat' dir='ltr'><strong>cit.</strong></span> 
     </span>
     <span class='ocr_line' id='line_1_22' title="bbox 283 2621 1371 2688; baseline 0.002 -15"><span class='ocrx_word' id='word_1_155' title='bbox 283 2621 403 2673; x_wconf 72' lang='lat' dir='ltr'><strong>omaro.</strong></span> <span class='ocrx_word' id='word_1_156' title='bbox 844 2626 892 2674; x_wconf 84' lang='lat' dir='ltr'><strong>hoc</strong></span> <span class='ocrx_word' id='word_1_157' title='bbox 903 2635 954 2686; x_wconf 83' lang='lat' dir='ltr'><strong>eet,</strong></span> <span class='ocrx_word' id='word_1_158' title='bbox 962 2627 1044 2675; x_wconf 82' lang='lat' dir='ltr'><strong>exerti</strong></span> <span class='ocrx_word' id='word_1_159' title='bbox 1057 2635 1083 2675; x_wconf 88' lang='lat' dir='ltr'><strong>et</strong></span> <span class='ocrx_word' id='word_1_160' title='bbox 1091 2626 1312 2688; x_wconf 80' lang='lat' dir='ltr'><strong>prominentiores,</strong></span> <span class='ocrx_word' id='word_1_161' title='bbox 1324 2627 1371 2675; x_wconf 88' lang='lat' dir='ltr'><strong>‘et</strong></span> 
     </span>
    </p>

    <p class='ocr_par' dir='ltr' id='par_1_9' title="bbox 280 2695 1370 2837">
     <span class='ocr_line' id='line_1_23' title="bbox 316 2695 1370 2763; baseline 0.006 -19"><span class='ocrx_word' id='word_1_162' title='bbox 316 2695 404 2760; x_wconf 62' lang='grc' dir='ltr'><strong>[Εφο</strong></span> <span class='ocrx_word' id='word_1_163' title='bbox 413 2695 527 2758; x_wconf 69' lang='lat' dir='ltr'><strong>murto]</strong></span> <span class='ocrx_word' id='word_1_164' title='bbox 544 2696 601 2746; x_wconf 85' lang='lat' dir='ltr'><strong>Nee</strong></span> <span class='ocrx_word' id='word_1_165' title='bbox 613 2697 682 2747; x_wconf 84' lang='lat' dir='ltr'><strong>cerri</strong></span> <span class='ocrx_word' id='word_1_166' title='bbox 697 2698 805 2746; x_wconf 74' lang='lat' dir='ltr'><strong>metrali</strong></span> <span class='ocrx_word' id='word_1_167' title='bbox 844 2701 982 2763; x_wconf 76' lang='lat' dir='ltr'><strong>supercilia</strong></span> <span class='ocrx_word' id='word_1_168' title='bbox 993 2715 1066 2760; x_wconf 85' lang='lat' dir='ltr'><strong>cene,</strong></span> <span class='ocrx_word' id='word_1_169' title='bbox 1078 2709 1105 2750; x_wconf 81' lang='lat' dir='ltr'><strong>et</strong></span> <span class='ocrx_word' id='word_1_170' title='bbox 1117 2700 1164 2750; x_wconf 85' lang='lat' dir='ltr'><strong>rub</strong></span> <span class='ocrx_word' id='word_1_171' title='bbox 1175 2715 1205 2749; x_wconf 82' lang='lat' dir='ltr'><strong>ee</strong></span> <span class='ocrx_word' id='word_1_172' title='bbox 1217 2702 1324 2757; x_wconf 78' lang='lat' dir='ltr'><strong>lacunae,</strong></span> <span class='ocrx_word' id='word_1_173' title='bbox 1335 2715 1370 2750; x_wconf 85' lang='lat' dir='ltr'><strong>ex</strong></span> 
     </span>
     <span class='ocr_line' id='line_1_24' title="bbox 280 2770 1369 2837; baseline 0.003 -16"><span class='ocrx_word' id='word_1_174' title='bbox 280 2785 377 2822; x_wconf 85' lang='lat' dir='ltr'><strong>cornua</strong></span> <span class='ocrx_word' id='word_1_175' title='bbox 401 2770 535 2834; x_wconf 80' lang='lat' dir='ltr'><strong>abjiciunt,</strong></span> <span class='ocrx_word' id='word_1_176' title='bbox 562 2771 716 2834; x_wconf 84' lang='lat' dir='ltr'><strong>Plriloeoplro</strong></span> <span class='ocrx_word' id='word_1_177' title='bbox 737 2777 805 2821; x_wconf 81' lang='lat' dir='ltr'><strong>terte</strong></span> <span class='ocrx_word' id='word_1_178' title='bbox 846 2774 985 2824; x_wconf 81' lang='lat' dir='ltr'><strong>observatu</strong></span> <span class='ocrx_word' id='word_1_179' title='bbox 999 2774 1088 2824; x_wconf 78' lang='lat' dir='ltr'><strong>dierunt</strong></span> <span class='ocrx_word' id='word_1_180' title='bbox 1099 2789 1156 2823; x_wconf 85' lang='lat' dir='ltr'><strong>enm</strong></span> <span class='ocrx_word' id='word_1_181' title='bbox 1168 2789 1261 2837; x_wconf 84' lang='lat' dir='ltr'><strong>equum</strong></span> <span class='ocrx_word' id='word_1_182' title='bbox 1274 2773 1369 2824; x_wconf 83' lang='lat' dir='ltr'><strong>trabere</strong></span> 
     </span>
    </p>
   </div>
   <div class='ocr_carea' id='block_1_9' title="bbox 167 2845 1177 2909">
    <p class='ocr_par' dir='ltr' id='par_1_10' title="bbox 167 2845 1177 2909">
     <span class='ocr_line' id='line_1_25' title="bbox 167 2845 1177 2909; baseline 0 -13"><span class='ocrx_word' id='word_1_183' title='bbox 167 2887 171 2896; x_wconf 78' lang='lat'><strong>.</strong></span> <span class='ocrx_word' id='word_1_184' title='bbox 281 2845 349 2894; x_wconf 76' lang='lat' dir='ltr'><strong>Birt.</strong></span> <span class='ocrx_word' id='word_1_185' title='bbox 361 2845 446 2894; x_wconf 80' lang='lat' dir='ltr'><strong>Anim.</strong></span> <span class='ocrx_word' id='word_1_186' title='bbox 458 2857 498 2892; x_wconf 89' lang='lat' dir='ltr'><strong>rx.</strong></span> <span class='ocrx_word' id='word_1_187' title='bbox 509 2848 550 2894; x_wconf 77' lang='grc'><strong>79.</strong></span> <span class='ocrx_word' id='word_1_188' title='bbox 566 2860 590 2909; x_wconf 85' lang='lat' dir='ltr'><strong>p.</strong></span> <span class='ocrx_word' id='word_1_189' title='bbox 602 2850 674 2895; x_wconf 83' lang='grc'><strong>1174.</strong></span> <span class='ocrx_word' id='word_1_190' title='bbox 707 2847 804 2896; x_wconf 79' lang='lat' dir='ltr'><strong>Eadem</strong></span> <span class='ocrx_word' id='word_1_191' title='bbox 844 2862 923 2897; x_wconf 81' lang='lat' dir='ltr'><strong>aanor</strong></span> <span class='ocrx_word' id='word_1_192' title='bbox 933 2847 1080 2898; x_wconf 68' lang='lat' dir='ltr'><strong>sexdecim!</strong></span> <span class='ocrx_word' id='word_1_193' title='bbox 1173 2859 1177 2870; x_wconf 73' lang='lat'><strong>¹</strong></span> 
     </span>
    </p>
   </div>
   <div class='ocr_carea' id='block_1_10' title="bbox 279 2919 1440 4182">
    <p class='ocr_par' dir='ltr' id='par_1_11' title="bbox 281 2919 1369 3059">
     <span class='ocr_line' id='line_1_26' title="bbox 281 2919 1369 2985; baseline 0.006 -18"><span class='ocrx_word' id='word_1_194' title='bbox 281 2919 417 2982; x_wconf 82' lang='lat' dir='ltr'><strong>utrobique</strong></span> <span class='ocrx_word' id='word_1_195' title='bbox 427 2932 514 2968; x_wconf 79' lang='lat' dir='ltr'><strong>crura.</strong></span> <span class='ocrx_word' id='word_1_196' title='bbox 876 2929 895 2956; x_wconf 73' lang='lat'><strong>¹⁵</strong></span> <span class='ocrx_word' id='word_1_197' title='bbox 911 2923 1039 2972; x_wconf 66' lang='lat' dir='ltr'><strong>Hominem</strong></span> <span class='ocrx_word' id='word_1_198' title='bbox 1059 2923 1180 2985; x_wconf 72' lang='lat' dir='ltr'><strong>destiter]</strong></span> <span class='ocrx_word' id='word_1_199' title='bbox 1194 2921 1301 2972; x_wconf 79' lang='lat' dir='ltr'><strong>Scilicet</strong></span> <span class='ocrx_word' id='word_1_200' title='bbox 1317 2924 1369 2973; x_wconf 84' lang='lat' dir='ltr'><strong>ire-</strong></span> 
     </span>
     <span class='ocr_line' id='line_1_27' title="bbox 313 2993 1369 3059; baseline 0.004 -17"><span class='ocrx_word' id='word_1_201' title='bbox 313 3000 326 3035; x_wconf 74' lang='grc'><strong>4</strong></span> <span class='ocrx_word' id='word_1_202' title='bbox 352 2993 479 3042; x_wconf 71' lang='lat' dir='ltr'><strong>deirorum</strong></span> <span class='ocrx_word' id='word_1_203' title='bbox 503 2996 589 3059; x_wconf 74' lang='lat' dir='ltr'><strong>gerse]</strong></span> <span class='ocrx_word' id='word_1_204' title='bbox 618 2995 699 3046; x_wconf 75' lang='lat' dir='ltr'><strong>Arist.</strong></span> <span class='ocrx_word' id='word_1_205' title='bbox 732 2997 802 3047; x_wconf 86' lang='lat' dir='ltr'><strong>llirt.</strong></span> <span class='ocrx_word' id='word_1_206' title='bbox 844 3005 937 3049; x_wconf 87' lang='lat' dir='ltr'><strong>torum.</strong></span> <span class='ocrx_word' id='word_1_207' title='bbox 965 2999 1005 3046; x_wconf 78' lang='lat' dir='ltr'><strong>Ex</strong></span> <span class='ocrx_word' id='word_1_208' title='bbox 1016 3011 1102 3046; x_wconf 82' lang='lat' dir='ltr'><strong>morsu</strong></span> <span class='ocrx_word' id='word_1_209' title='bbox 1114 2997 1172 3046; x_wconf 80' lang='lat' dir='ltr'><strong>irati</strong></span> <span class='ocrx_word' id='word_1_210' title='bbox 1183 2997 1303 3057; x_wconf 79' lang='lat' dir='ltr'><strong>hominis,</strong></span> <span class='ocrx_word' id='word_1_211' title='bbox 1314 3012 1369 3046; x_wconf 86' lang='lat' dir='ltr'><strong>ma·</strong></span> 
     </span>
    </p>

    <p class='ocr_par' dir='ltr' id='par_1_12' title="bbox 281 3065 1368 3210">
     <span class='ocr_line' id='line_1_28' title="bbox 281 3065 1368 3136; baseline 0.004 -20"><span class='ocrx_word' id='word_1_212' title='bbox 281 3065 367 3117; x_wconf 80' lang='lat' dir='ltr'><strong>Anim.</strong></span> <span class='ocrx_word' id='word_1_213' title='bbox 380 3080 418 3118; x_wconf 83' lang='lat' dir='ltr'><strong>vr.</strong></span> <span class='ocrx_word' id='word_1_214' title='bbox 430 3073 470 3117; x_wconf 77' lang='lat'><strong>28.</strong></span> <span class='ocrx_word' id='word_1_215' title='bbox 482 3085 506 3130; x_wconf 91' lang='lat' dir='ltr'><strong>p.</strong></span> <span class='ocrx_word' id='word_1_216' title='bbox 518 3074 575 3119; x_wconf 78' lang='grc'><strong>767.</strong></span> <span class='ocrx_word' id='word_1_217' title='bbox 843 3073 878 3121; x_wconf 73' lang='lat' dir='ltr'><strong>ris</strong></span> <span class='ocrx_word' id='word_1_218' title='bbox 888 3072 1058 3136; x_wconf 71' lang='lat' dir='ltr'><strong>sentiumque,</strong></span> <span class='ocrx_word' id='word_1_219' title='bbox 1070 3085 1234 3134; x_wconf 72' lang='lat' dir='ltr'><strong>gangrenam</strong></span> <span class='ocrx_word' id='word_1_220' title='bbox 1249 3071 1368 3121; x_wconf 83' lang='lat' dir='ltr'><strong>obortam</strong></span> 
     </span>
     <span class='ocr_line' id='line_1_29' title="bbox 313 3141 1367 3210; baseline 0.002 -19"><span class='ocrx_word' id='word_1_221' title='bbox 313 3141 325 3175; x_wconf 74' lang='lat'><strong>&#39;¹</strong></span> <span class='ocrx_word' id='word_1_222' title='bbox 341 3143 434 3192; x_wconf 72' lang='lat' dir='ltr'><strong>Deinde</strong></span> <span class='ocrx_word' id='word_1_223' title='bbox 443 3145 516 3206; x_wconf 73' lang='lat' dir='ltr'><strong>mu]</strong></span> <span class='ocrx_word' id='word_1_224' title='bbox 533 3146 637 3195; x_wconf 84' lang='lat' dir='ltr'><strong>Deinde</strong></span> <span class='ocrx_word' id='word_1_225' title='bbox 648 3153 721 3197; x_wconf 78' lang='lat' dir='ltr'><strong>sexto</strong></span> <span class='ocrx_word' id='word_1_226' title='bbox 732 3160 803 3195; x_wconf 84' lang='lat' dir='ltr'><strong>meu·</strong></span> <span class='ocrx_word' id='word_1_227' title='bbox 843 3161 894 3197; x_wconf 84' lang='lat' dir='ltr'><strong>non</strong></span> <span class='ocrx_word' id='word_1_228' title='bbox 906 3147 985 3195; x_wconf 85' lang='lat' dir='ltr'><strong>remel</strong></span> <span class='ocrx_word' id='word_1_229' title='bbox 997 3144 1090 3194; x_wconf 81' lang='lat' dir='ltr'><strong>ridirre</strong></span> <span class='ocrx_word' id='word_1_230' title='bbox 1099 3160 1127 3195; x_wconf 85' lang='lat' dir='ltr'><strong>ee</strong></span> <span class='ocrx_word' id='word_1_231' title='bbox 1136 3146 1225 3195; x_wconf 75' lang='lat' dir='ltr'><strong>reduit</strong></span> <span class='ocrx_word' id='word_1_232' title='bbox 1236 3146 1367 3210; x_wconf 82' lang='lat' dir='ltr'><strong>Riolauur,</strong></span> 
     </span>
    </p>

    <p class='ocr_par' dir='ltr' id='par_1_13' title="bbox 280 3218 1367 3285">
     <span class='ocr_line' id='line_1_30' title="bbox 280 3218 1367 3285; baseline 0 -17"><span class='ocrx_word' id='word_1_233' title='bbox 280 3233 311 3268; x_wconf 83' lang='lat' dir='ltr'><strong>ee</strong></span> <span class='ocrx_word' id='word_1_234' title='bbox 332 3218 424 3267; x_wconf 81' lang='lat' dir='ltr'><strong>lterum</strong></span> <span class='ocrx_word' id='word_1_235' title='bbox 446 3227 599 3282; x_wconf 81' lang='lat' dir='ltr'><strong>quaternoer</strong></span> <span class='ocrx_word' id='word_1_236' title='bbox 615 3222 729 3285; x_wconf 77' lang='lat' dir='ltr'><strong>aliosque</strong></span> <span class='ocrx_word' id='word_1_237' title='bbox 748 3235 802 3269; x_wconf 85' lang='lat' dir='ltr'><strong>errr-</strong></span> <span class='ocrx_word' id='word_1_238' title='bbox 842 3219 869 3268; x_wconf 93' lang='lat' dir='ltr'><strong>iu</strong></span> <span class='ocrx_word' id='word_1_239' title='bbox 880 3219 1023 3270; x_wconf 78' lang='lat' dir='ltr'><strong>Commeat.</strong></span> <span class='ocrx_word' id='word_1_240' title='bbox 1040 3219 1074 3269; x_wconf 88' lang='lat' dir='ltr'><strong>de</strong></span> <span class='ocrx_word' id='word_1_241' title='bbox 1085 3219 1203 3284; x_wconf 80' lang='lat' dir='ltr'><strong>Oerilrur,</strong></span> <span class='ocrx_word' id='word_1_242' title='bbox 1219 3235 1277 3283; x_wconf 80' lang='lat' dir='ltr'><strong>cap.</strong></span> <span class='ocrx_word' id='word_1_243' title='bbox 1288 3225 1328 3270; x_wconf 85' lang='lat' dir='ltr'><strong>ll.</strong></span> <span class='ocrx_word' id='word_1_244' title='bbox 1340 3235 1367 3284; x_wconf 92' lang='lat' dir='ltr'><strong>p.</strong></span> 
     </span>
    </p>

    <p class='ocr_par' dir='ltr' id='par_1_14' title="bbox 280 3293 899 3355">
     <span class='ocr_line' id='line_1_31' title="bbox 280 3293 899 3355; baseline 0.005 -15"><span class='ocrx_word' id='word_1_245' title='bbox 280 3305 337 3341; x_wconf 83' lang='lat' dir='ltr'><strong>enm</strong></span> <span class='ocrx_word' id='word_1_246' title='bbox 359 3297 468 3355; x_wconf 81' lang='lat' dir='ltr'><strong>quatuor</strong></span> <span class='ocrx_word' id='word_1_247' title='bbox 487 3293 593 3354; x_wconf 74' lang='lat' dir='ltr'><strong>siugulis</strong></span> <span class='ocrx_word' id='word_1_248' title='bbox 620 3296 690 3344; x_wconf 75' lang='lat' dir='ltr'><strong>ranis</strong></span> <span class='ocrx_word' id='word_1_249' title='bbox 711 3295 803 3344; x_wconf 82' lang='lat' dir='ltr'><strong>menri·</strong></span> <span class='ocrx_word' id='word_1_250' title='bbox 841 3298 899 3344; x_wconf 81' lang='grc'><strong>484.</strong></span> 
     </span>
    </p>

    <p class='ocr_par' dir='ltr' id='par_1_15' title="bbox 280 3366 1440 3584">
     <span class='ocr_line' id='line_1_32' title="bbox 280 3366 1366 3436; baseline 0.001 -20"><span class='ocrx_word' id='word_1_251' title='bbox 280 3366 338 3416; x_wconf 86' lang='lat' dir='ltr'><strong>bue.</strong></span> <span class='ocrx_word' id='word_1_252' title='bbox 874 3377 887 3404; x_wconf 85' lang='lat'><strong>¹¹</strong></span> <span class='ocrx_word' id='word_1_253' title='bbox 902 3371 996 3434; x_wconf 60' lang='lat' dir='ltr'><strong>ments·</strong></span> <span class='ocrx_word' id='word_1_254' title='bbox 1015 3371 1127 3436; x_wconf 71' lang='lat' dir='ltr'><strong>nitorem]</strong></span> <span class='ocrx_word' id='word_1_255' title='bbox 1153 3371 1243 3421; x_wconf 84' lang='lat' dir='ltr'><strong>Halitu</strong></span> <span class='ocrx_word' id='word_1_256' title='bbox 1265 3370 1291 3420; x_wconf 86' lang='lat' dir='ltr'><strong>id</strong></span> <span class='ocrx_word' id='word_1_257' title='bbox 1308 3369 1366 3418; x_wconf 87' lang='lat' dir='ltr'><strong>fieri</strong></span> 
     </span>
     <span class='ocr_line' id='line_1_33' title="bbox 312 3442 1366 3509; baseline 0.005 -20"><span class='ocrx_word' id='word_1_258' title='bbox 312 3443 319 3476; x_wconf 87' lang='lat'><strong>¹</strong></span> <span class='ocrx_word' id='word_1_259' title='bbox 338 3442 437 3496; x_wconf 71' lang='lat' dir='ltr'><strong>Quodsi</strong></span> <span class='ocrx_word' id='word_1_260' title='bbox 447 3443 504 3504; x_wconf 74' lang='lat' dir='ltr'><strong>aaa]</strong></span> <span class='ocrx_word' id='word_1_261' title='bbox 520 3443 600 3492; x_wconf 77' lang='lat' dir='ltr'><strong>Arist.</strong></span> <span class='ocrx_word' id='word_1_262' title='bbox 613 3459 638 3508; x_wconf 89' lang='lat' dir='ltr'><strong>p.</strong></span> <span class='ocrx_word' id='word_1_263' title='bbox 649 3448 707 3494; x_wconf 75' lang='grc'><strong>759.</strong></span> <span class='ocrx_word' id='word_1_264' title='bbox 843 3459 949 3494; x_wconf 76' lang='lat' dir='ltr'><strong>necesse</strong></span> <span class='ocrx_word' id='word_1_265' title='bbox 968 3453 1023 3494; x_wconf 86' lang='lat' dir='ltr'><strong>ert:</strong></span> <span class='ocrx_word' id='word_1_266' title='bbox 1043 3460 1100 3495; x_wconf 83' lang='lat' dir='ltr'><strong>uem</strong></span> <span class='ocrx_word' id='word_1_267' title='bbox 1112 3447 1132 3494; x_wconf 83' lang='lat' dir='ltr'><strong>sl</strong></span> <span class='ocrx_word' id='word_1_268' title='bbox 1150 3447 1267 3509; x_wconf 81' lang='lat' dir='ltr'><strong>spiritum</strong></span> <span class='ocrx_word' id='word_1_269' title='bbox 1283 3445 1366 3494; x_wconf 84' lang='lat' dir='ltr'><strong>eonti-</strong></span> 
     </span>
     <span class='ocr_line' id='line_1_34' title="bbox 311 3515 1440 3584; baseline 0.01 -23"><span class='ocrx_word' id='word_1_270' title='bbox 311 3515 413 3564; x_wconf 73' lang='lat' dir='ltr'><strong>tuem</strong></span> <span class='ocrx_word' id='word_1_271' title='bbox 434 3517 503 3581; x_wconf 77' lang='lat' dir='ltr'><strong>dirui]</strong></span> <span class='ocrx_word' id='word_1_272' title='bbox 529 3517 608 3566; x_wconf 78' lang='lat' dir='ltr'><strong>Arist.</strong></span> <span class='ocrx_word' id='word_1_273' title='bbox 628 3517 697 3567; x_wconf 79' lang='lat' dir='ltr'><strong>Birt.</strong></span> <span class='ocrx_word' id='word_1_274' title='bbox 717 3517 802 3568; x_wconf 78' lang='lat' dir='ltr'><strong>linim-</strong></span> <span class='ocrx_word' id='word_1_275' title='bbox 842 3519 1205 3584; x_wconf 66' lang='lat' dir='ltr'><strong>neauuilriitelecoutiuget.</strong></span> <span class='ocrx_word' id='word_1_276' title='bbox 1437 3543 1440 3552; x_wconf 93' lang='lat'>·</span> 
     </span>
    </p>

    <p class='ocr_par' dir='ltr' id='par_1_16' title="bbox 281 3593 1365 3658">
     <span class='ocr_line' id='line_1_35' title="bbox 281 3593 1365 3658; baseline 0.001 -17"><span class='ocrx_word' id='word_1_277' title='bbox 281 3596 502 3655; x_wconf 53' lang='lat' dir='ltr'><strong>resupnum.</strong></span> <span class='ocrx_word' id='word_1_278' title='bbox 518 3593 704 3645; x_wconf 60' lang='lat' dir='ltr'><strong>rotantium</strong></span> <span class='ocrx_word' id='word_1_279' title='bbox 714 3593 803 3652; x_wconf 65' lang='grc' dir='ltr'><strong>βιίλλιι</strong></span> <span class='ocrx_word' id='word_1_280' title='bbox 873 3595 937 3643; x_wconf 74' lang='lat' dir='ltr'><strong>⁰lit</strong></span> <span class='ocrx_word' id='word_1_281' title='bbox 955 3595 1122 3658; x_wconf 62' lang='lat' dir='ltr'><strong>maleum]</strong></span> <span class='ocrx_word' id='word_1_282' title='bbox 1144 3595 1202 3646; x_wconf 80' lang='lat' dir='ltr'><strong>Qua</strong></span> <span class='ocrx_word' id='word_1_283' title='bbox 1224 3595 1250 3644; x_wconf 85' lang='grc' dir='ltr'><strong>νΙ</strong></span> <span class='ocrx_word' id='word_1_284' title='bbox 1269 3595 1365 3657; x_wconf 74' lang='lat' dir='ltr'><strong>pomo?</strong></span> 
     </span>
    </p>

    <p class='ocr_par' dir='ltr' id='par_1_17' title="bbox 280 3665 1365 3805">
     <span class='ocr_line' id='line_1_36' title="bbox 280 3665 1365 3735; baseline 0.002 -20"><span class='ocrx_word' id='word_1_285' title='bbox 280 3667 335 3723; x_wconf 68' lang='lat' dir='ltr'><strong>arie</strong></span> <span class='ocrx_word' id='word_1_286' title='bbox 346 3665 428 3724; x_wconf 73' lang='lat' dir='ltr'><strong>denir.</strong></span> <span class='ocrx_word' id='word_1_287' title='bbox 842 3668 1007 3731; x_wconf 80' lang='lat' dir='ltr'><strong>helituue,en</strong></span> <span class='ocrx_word' id='word_1_288' title='bbox 1020 3671 1122 3719; x_wconf 80' lang='lat' dir='ltr'><strong>morsui</strong></span> <span class='ocrx_word' id='word_1_289' title='bbox 1146 3671 1172 3720; x_wconf 79' lang='lat' dir='ltr'><strong>Si</strong></span> <span class='ocrx_word' id='word_1_290' title='bbox 1185 3671 1365 3735; x_wconf 70' lang='lat' dir='ltr'><strong>primumque</strong></span> 
     </span>
     <span class='ocr_line' id='line_1_37' title="bbox 313 3740 1365 3805; baseline -0.002 -13"><span class='ocrx_word' id='word_1_291' title='bbox 313 3740 441 3805; x_wconf 61' lang='lat' dir='ltr'><strong>teuto]</strong></span> <span class='ocrx_word' id='word_1_292' title='bbox 452 3743 532 3793; x_wconf 80' lang='lat' dir='ltr'><strong>Arist.</strong></span> <span class='ocrx_word' id='word_1_293' title='bbox 543 3744 612 3794; x_wconf 79' lang='lat' dir='ltr'><strong>l-list.</strong></span> <span class='ocrx_word' id='word_1_294' title='bbox 624 3745 710 3794; x_wconf 76' lang='lat' dir='ltr'><strong>anim.</strong></span> <span class='ocrx_word' id='word_1_295' title='bbox 722 3750 803 3795; x_wconf 79' lang='lat' dir='ltr'><strong>rull.</strong></span> <span class='ocrx_word' id='word_1_296' title='bbox 843 3743 1108 3794; x_wconf 83' lang='lat' dir='ltr'><strong>eaviedentlnmest.</strong></span> <span class='ocrx_word' id='word_1_297' title='bbox 1140 3744 1365 3804; x_wconf 84' lang='lat' dir='ltr'><strong>Sieltermu,coa-</strong></span> 
     </span>
    </p>

    <p class='ocr_par' dir='ltr' id='par_1_18' title="bbox 280 3813 1366 3880">
     <span class='ocr_line' id='line_1_38' title="bbox 280 3813 1366 3880; baseline 0 -15"><span class='ocrx_word' id='word_1_298' title='bbox 280 3831 308 3880; x_wconf 85' lang='lat' dir='ltr'><strong>p.</strong></span> <span class='ocrx_word' id='word_1_299' title='bbox 320 3821 375 3866; x_wconf 76' lang='grc'><strong>190.</strong></span> <span class='ocrx_word' id='word_1_300' title='bbox 401 3813 473 3866; x_wconf 70' lang='grc' dir='ltr'><strong>*Μ</strong></span> <span class='ocrx_word' id='word_1_301' title='bbox 489 3817 641 3868; x_wconf 60' lang='lat' dir='ltr'><strong>duratura</strong></span> <span class='ocrx_word' id='word_1_302' title='bbox 657 3818 804 3874; x_wconf 64' lang='lat' dir='ltr'><strong>maceda</strong></span> <span class='ocrx_word' id='word_1_303' title='bbox 844 3819 908 3868; x_wconf 92' lang='lat' dir='ltr'><strong>tinui</strong></span> <span class='ocrx_word' id='word_1_304' title='bbox 920 3819 1054 3877; x_wconf 79' lang='lat' dir='ltr'><strong>solutione,</strong></span> <span class='ocrx_word' id='word_1_305' title='bbox 1066 3817 1116 3869; x_wconf 85' lang='lat' dir='ltr'><strong>uon</strong></span> <span class='ocrx_word' id='word_1_306' title='bbox 1127 3819 1153 3867; x_wconf 90' lang='lat' dir='ltr'><strong>ld</strong></span> <span class='ocrx_word' id='word_1_307' title='bbox 1165 3821 1215 3868; x_wconf 82' lang='lat' dir='ltr'><strong>elie</strong></span> <span class='ocrx_word' id='word_1_308' title='bbox 1226 3817 1328 3868; x_wconf 81' lang='lat' dir='ltr'><strong>occulte</strong></span> <span class='ocrx_word' id='word_1_309' title='bbox 1341 3817 1366 3865; x_wconf 85' lang='lat' dir='ltr'><strong>ri</strong></span> 
     </span>
    </p>

    <p class='ocr_par' dir='ltr' id='par_1_19' title="bbox 280 3892 978 3959">
     <span class='ocr_line' id='line_1_39' title="bbox 280 3892 978 3959; baseline 0.001 -18"><span class='ocrx_word' id='word_1_310' title='bbox 280 3892 389 3941; x_wconf 67' lang='lat' dir='ltr'><strong>mma.</strong></span> <span class='ocrx_word' id='word_1_311' title='bbox 408 3892 531 3943; x_wconf 68' lang='lat' dir='ltr'><strong>eilbertus</strong></span> <span class='ocrx_word' id='word_1_312' title='bbox 543 3895 581 3943; x_wconf 82' lang='grc' dir='ltr'><strong>Μ.</strong></span> <span class='ocrx_word' id='word_1_313' title='bbox 592 3895 625 3944; x_wconf 90' lang='lat' dir='ltr'><strong>de</strong></span> <span class='ocrx_word' id='word_1_314' title='bbox 635 3894 721 3945; x_wconf 76' lang='lat' dir='ltr'><strong>Anlm.</strong></span> <span class='ocrx_word' id='word_1_315' title='bbox 734 3909 766 3944; x_wconf 86' lang='lat' dir='ltr'><strong>rr.</strong></span> <span class='ocrx_word' id='word_1_316' title='bbox 779 3910 803 3946; x_wconf 86' lang='lat' dir='ltr'><strong>o.</strong></span> <span class='ocrx_word' id='word_1_317' title='bbox 842 3903 978 3959; x_wconf 75' lang='lat' dir='ltr'><strong>paragant.</strong></span> 
     </span>
    </p>

    <p class='ocr_par' dir='ltr' id='par_1_20' title="bbox 279 3965 1309 4033">
     <span class='ocr_line' id='line_1_40' title="bbox 279 3965 1309 4033; baseline 0.003 -20"><span class='ocrx_word' id='word_1_318' title='bbox 279 3970 304 4014; x_wconf 90' lang='grc'><strong>4.</strong></span> <span class='ocrx_word' id='word_1_319' title='bbox 317 3980 342 4027; x_wconf 87' lang='lat' dir='ltr'><strong>p.</strong></span> <span class='ocrx_word' id='word_1_320' title='bbox 354 3970 408 4014; x_wconf 78' lang='lat' dir='ltr'><strong>lot.</strong></span> <span class='ocrx_word' id='word_1_321' title='bbox 425 3965 491 4015; x_wconf 83' lang='lat' dir='ltr'><strong>‘Sed</strong></span> <span class='ocrx_word' id='word_1_322' title='bbox 504 3975 531 4017; x_wconf 85' lang='lat' dir='ltr'><strong>et</strong></span> <span class='ocrx_word' id='word_1_323' title='bbox 541 3983 633 4031; x_wconf 84' lang='lat' dir='ltr'><strong>porcus</strong></span> <span class='ocrx_word' id='word_1_324' title='bbox 645 3968 741 4018; x_wconf 88' lang='lat' dir='ltr'><strong>nullum</strong></span> <span class='ocrx_word' id='word_1_325' title='bbox 752 3982 805 4018; x_wconf 86' lang='lat' dir='ltr'><strong>om·</strong></span> <span class='ocrx_word' id='word_1_326' title='bbox 874 3975 887 4009; x_wconf 71' lang='grc' dir='ltr'><strong>Ρ</strong></span> <span class='ocrx_word' id='word_1_327' title='bbox 905 3970 981 4019; x_wconf 81' lang='lat' dir='ltr'><strong>Dicta</strong></span> <span class='ocrx_word' id='word_1_328' title='bbox 990 3971 1056 4033; x_wconf 78' lang='lat' dir='ltr'><strong>erat]</strong></span> <span class='ocrx_word' id='word_1_329' title='bbox 1073 3970 1129 4021; x_wconf 86' lang='lat' dir='ltr'><strong>Lib.</strong></span> <span class='ocrx_word' id='word_1_330' title='bbox 1139 3985 1190 4020; x_wconf 84' lang='lat' dir='ltr'><strong>rrr.</strong></span> <span class='ocrx_word' id='word_1_331' title='bbox 1200 3983 1258 4033; x_wconf 85' lang='lat' dir='ltr'><strong>cap.</strong></span> <span class='ocrx_word' id='word_1_332' title='bbox 1269 3972 1309 4018; x_wconf 76' lang='lat'><strong>16.</strong></span> 
     </span>
    </p>

    <p class='ocr_par' dir='ltr' id='par_1_21' title="bbox 280 4040 1367 4182">
     <span class='ocr_line' id='line_1_41' title="bbox 280 4040 1367 4112; baseline 0.006 -24"><span class='ocrx_word' id='word_1_333' title='bbox 280 4041 341 4088; x_wconf 85' lang='lat' dir='ltr'><strong>uino</strong></span> <span class='ocrx_word' id='word_1_334' title='bbox 352 4041 424 4103; x_wconf 82' lang='lat' dir='ltr'><strong>ejicit</strong></span> <span class='ocrx_word' id='word_1_335' title='bbox 434 4040 558 4092; x_wconf 65' lang='lat' dir='ltr'><strong>dantem:</strong></span> <span class='ocrx_word' id='word_1_336' title='bbox 874 4054 886 4086; x_wconf 68' lang='lat' dir='ltr'><strong>a</strong></span> <span class='ocrx_word' id='word_1_337' title='bbox 905 4047 1097 4110; x_wconf 76' lang='lat' dir='ltr'><strong>Emapeetitre]</strong></span> <span class='ocrx_word' id='word_1_338' title='bbox 1111 4046 1177 4096; x_wconf 86' lang='lat' dir='ltr'><strong>Vide</strong></span> <span class='ocrx_word' id='word_1_339' title='bbox 1197 4048 1367 4112; x_wconf 79' lang='lat' dir='ltr'><strong>Hippocratis</strong></span> 
     </span>
     <span class='ocr_line' id='line_1_42' title="bbox 314 4113 1365 4182; baseline 0.009 -21"><span class='ocrx_word' id='word_1_340' title='bbox 314 4113 320 4148; x_wconf 84' lang='lat'><strong>¹</strong></span> <span class='ocrx_word' id='word_1_341' title='bbox 336 4115 486 4180; x_wconf 80' lang='lat' dir='ltr'><strong>Broelitate]</strong></span> <span class='ocrx_word' id='word_1_342' title='bbox 502 4119 570 4174; x_wconf 80' lang='lat' dir='ltr'><strong>sire.</strong></span> <span class='ocrx_word' id='word_1_343' title='bbox 582 4125 611 4168; x_wconf 88' lang='lat' dir='ltr'><strong>ut</strong></span> <span class='ocrx_word' id='word_1_344' title='bbox 624 4118 722 4169; x_wconf 79' lang='lat' dir='ltr'><strong>Nouius</strong></span> <span class='ocrx_word' id='word_1_345' title='bbox 738 4119 801 4169; x_wconf 85' lang='lat' dir='ltr'><strong>roei·</strong></span> <span class='ocrx_word' id='word_1_346' title='bbox 842 4119 955 4168; x_wconf 85' lang='lat' dir='ltr'><strong>libellum</strong></span> <span class='ocrx_word' id='word_1_347' title='bbox 966 4122 999 4168; x_wconf 91' lang='lat' dir='ltr'><strong>de</strong></span> <span class='ocrx_word' id='word_1_348' title='bbox 1015 4121 1164 4182; x_wconf 86' lang='lat' dir='ltr'><strong>dentitione,</strong></span> <span class='ocrx_word' id='word_1_349' title='bbox 1174 4121 1207 4171; x_wconf 81' lang='lat' dir='ltr'><strong>ed</strong></span> <span class='ocrx_word' id='word_1_350' title='bbox 1218 4123 1316 4172; x_wconf 83' lang='lat' dir='ltr'><strong>calcem</strong></span> <span class='ocrx_word' id='word_1_351' title='bbox 1327 4128 1365 4171; x_wconf 86' lang='lat' dir='ltr'><strong>to-</strong></span> 
     </span>
    </p>
   </div>
   <div class='ocr_carea' id='block_1_11' title="bbox 280 4185 1166 4257">
    <p class='ocr_par' dir='ltr' id='par_1_22' title="bbox 280 4185 1166 4257">
     <span class='ocr_line' id='line_1_43' title="bbox 280 4185 1166 4257; baseline 0.01 -21"><span class='ocrx_word' id='word_1_352' title='bbox 280 4185 329 4250; x_wconf 80' lang='lat' dir='ltr'><strong>lrlt,</strong></span> <span class='ocrx_word' id='word_1_353' title='bbox 346 4187 485 4240; x_wconf 78' lang='lat' dir='ltr'><strong>traseitale.</strong></span> <span class='ocrx_word' id='word_1_354' title='bbox 518 4191 598 4241; x_wconf 78' lang='lat' dir='ltr'><strong>‘Cure</strong></span> <span class='ocrx_word' id='word_1_355' title='bbox 626 4191 718 4242; x_wconf 85' lang='lat' dir='ltr'><strong>denter</strong></span> <span class='ocrx_word' id='word_1_356' title='bbox 738 4189 802 4242; x_wconf 79' lang='lat' dir='ltr'><strong>sacti</strong></span> <span class='ocrx_word' id='word_1_357' title='bbox 841 4195 1051 4257; x_wconf 85' lang='lat' dir='ltr'><strong>mirrr.operum</strong></span> <span class='ocrx_word' id='word_1_358' title='bbox 1063 4194 1166 4246; x_wconf 81' lang='lat' dir='ltr'><strong>Gelani.</strong></span> 
     </span>
    </p>
   </div>
   <div class='ocr_carea' id='block_1_12' title="bbox 0 0 1576 4882">
    <p class='ocr_par' dir='ltr' id='par_1_23' title="bbox 0 0 1576 4882">
     <span class='ocr_line' id='line_1_44' title="bbox 0 0 1576 4882; baseline 0 4"><span class='ocrx_word' id='word_1_359' title='bbox 0 0 1576 4882; x_wconf 95' lang='lat' dir='ltr'><strong> </strong></span> 
     </span>
    </p>
   </div>
  </div>
 </body>
</html>
