3106 4886
275 411 363 478 2244
641 425 672 472 c.
697 421 818 472 eumn
842 421 1007 473 euenum

323 585 387 634 ux.
416 567 578 655 (xxvii.)
601 565 722 632 Oleum
742 571 774 632 et
789 563 1023 650 omphacium*
1046 571 1109 634 est.
1154 567 1209 632 Fit
1231 567 1369 634 duobue

276 671 477 756 generibus,¹
499 677 534 736 et
547 670 685 735 totidem
700 669 818 748 modis,
837 687 881 732 ex
900 668 978 733 olea
999 673 1032 734 et
1046 669 1132 734 vite:
1156 671 1229 734 olen
1255 670 1369 734 adhuc

276 775 353 838 olba
375 791 554 856 expressa:
577 772 724 837 deterius
745 791 791 836 ex
813 771 965 854 druppe:
979 779 998 807 ¹¹¹
1025 773 1074 837 ite
1095 781 1234 836 vocetur
1256 773 1370 856 prins·

276 894 378 960 quum
392 874 468 939 cibo
483 881 613 940 matura
633 875 688 953 sit,
703 873 775 958 jem
790 879 901 938 tamen
914 873 1060 939 colorem
1074 880 1216 939 mutans.
1261 873 1369 939 Diffe-

274 976 390 1054 reutin,
405 976 493 1061 quod
514 977 577 1042 hoo
599 976 725 1042 viridel
749 981 812 1055 est,
833 974 917 1040 illud
938 975 1125 1040 candidum.
1167 976 1198 1040 E
1212 975 1305 1040 vite⁰
1326 976 1368 1040 fit

274 1078 410 1164 psythia
420 1087 434 1116 ¹
456 1087 514 1144 aut
529 1079 704 1156 ammiuea,
719 1096 795 1142 cum
807 1077 874 1142 sint
890 1077 978 1141 ecini
992 1077 1111 1142 ciceris
1125 1076 1366 1160 magnitudine,

275 1189 351 1249 ante
372 1180 474 1246 canis
495 1186 611 1245 ortum.
656 1180 695 1244 Iu
718 1179 823 1263 prime
850 1176 1027 1260 lanugine?
1052 1177 1224 1243 demetitur
1250 1187 1365 1254 ure,tq

274 1283 417 1368 ejusque
431 1282 585 1363 melligo.¹
628 1281 822 1364 Reliquum⁸
835 1299 955 1364 corpus
970 1277 1049 1343 Sole
1064 1281 1228 1363 coquitur.
1268 1279 1366 1344 Noc-

273 1387 359 1450 turni
373 1403 464 1450 rores
477 1383 656 1448 caventur!
698 1382 738 1446 ln
752 1381 847 1446 fictili
861 1381 996 1447 condite
1011 1381 1143 1465 melligo
1158 1380 1326 1464 colligitur
1335 1386 1365 1442 :⁴

274 1486 413 1551 subinde
427 1484 552 1570 cyprio
574 1505 642 1551 ecre
664 1489 822 1550 servetur.
866 1483 1014 1567 Optime,
1036 1501 1113 1567 queo
1134 1481 1219 1560 mie,
1241 1483 1365 1547 acrior·

275 1605 350 1672 qne,
365 1593 400 1652 et
414 1587 546 1652 aridior.
591 1585 737 1650 Pretium
753 1583 930 1667 omphacio
947 1584 981 1648 in
995 1585 1099 1650 libros
1113 1599 1153 1648 x.
1170 1589 1259 1649 νιν
1304 1571 1365 1649 Fit

274 1694 308 1756 et
330 1689 397 1755 nlio
418 1687 530 1766 modo,
545 1705 620 1753 cum
635 1687 670 1750 iu
683 1685 849 1750 mortoriis
862 1703 928 1749 uva
949 1687 1122 1751 immatura
1137 1687 1271 1752 teritur:
1295 1686 1363 1751 sic·

273 1795 416 1875 cataque
431 1789 466 1854 iu
480 1789 572 1866 Sole,
587 1793 710 1871 postea
723 1786 881 1868 digeritur
894 1787 929 1850 iu
943 1787 1105 1870 pastillos.

317 1907 396 1957 uxr.
417 1888 592 1976 (xxvru.)
614 1888 765 1956 Eodem·
785 1897 820 1952 et
841 1886 968 1974 bryonl
989 1889 1141 1972 pertinet,
1162 1909 1229 1956 uva
1245 1891 1362 1976 populi

726 2097 906 2121 mom

305 2248 372 2300 car.
389 2259 436 2298 ιι.
469 2253 483 2298 1
500 2243 597 2311 ‘Lessm
620 2247 756 2310 timentia
770 2246 880 2298 idumaeo
893 2253 918 2299 et
927 2247 1171 2312 numo-phetam
1180 2255 1224 2300 ert.
1256 2251 1299 2300 lte
1310 2251 1364 2316 qui·

270 2313 323 2363 deae
332 2311 476 2376 emplum
489 2311 576 2362 molar
586 2311 731 2376 generiem)
748 2312 887 2363 Dulce-8
903 2313 993 2364 Dicae.
1008 2313 1151 2362 Thurin-8
1168 2313 1250 2364 cutm.
1259 2315 1361 2375 jado-

270 2381 286 2427 d
304 2375 369 2428 eoo.
381 2375 474 2426 Dalec.
484 2376 626 2427 notitam-tt
638 2377 681 2428 lte
691 2375 767 2428 codd.
778 2376 905 2426 Harduiui
916 2383 944 2427 et
955 2377 1045 2428 Dalec.
1056 2391 1114 2426 cum
1125 2377 1186 2428 edd.
1197 2379 1323 2431 lierduiu.
1335 2385 1361 2431 1.

270 2441 296 2554 Εἰ
307 2445 330 2490 8.
340 2439 554 2554 Mssffffmm‘
562 2448 590 2492 et
598 2441 686 2492 Fraus.
709 2441 737 2490 ia
747 2440 821 2492 libror
832 2439 909 2494 XVI.
920 2438 1005 2494 chiffl.
1028 2441 1056 2492 ia
1065 2441 1139 2492 libror
1154 2442 1199 2494 l'l.
1210 2444 1322 2494 Gronov.
1333 2452 1361 2496 et

271 2512 375 2555 mute
415 2519 431 2554 e
464 2505 516 2554 niu.

758 2645 865 2703 NOTAE

301 2745 314 2780 ¹¹
332 2743 499 2810 octodecim]
520 2742 666 2808 ὀμφάκινον
683 2745 794 2798 Dioren·
830 2747 931 2810 jectum
948 2743 1073 2812 liquorem
1089 2745 1178 2795 Dium.
1183 2745 1269 2810 jubet,
1279 2759 1322 2796 ιιι.
1335 2751 1361 2796 ⁵.

270 2819 319 2870 ridi
328 2835 348 2870 ι.
358 2825 399 2870 29.
411 2821 450 2871 lte
458 2821 566 2884 dictum,
576 2822 637 2885 qula
648 2836 682 2873 ex
692 2822 793 2872 acerble
834 2821 943 2884 Pliuina‚
954 2821 1053 2886 reponi.
1087 2820 1157 2874 Quid
1166 2821 1270 2884 melligo
1281 2828 1360 2884 earet,

269 2905 297 2946 et
309 2896 448 2946 immaturis
458 2896 514 2945 urle
523 2898 618 2947 oleiove
630 2898 792 2963 exprimitur.
833 2909 881 2944 uec
894 2895 1008 2946 Ruelliua
1019 2895 1148 2946 intellexit
1159 2896 1192 2944 ‹le
1203 2895 1268 2946 Net.
1277 2896 1360 2961 srirp.

269 2969 372 3030 Cetonl,
380 2969 465 3020 oleum
477 2969 569 3020 alride.
831 2982 852 3019 1.
864 2985 890 3034 p.
902 2973 959 3020 269.
970 2983 1019 3021 uec
1031 2977 1089 3020 ante
1101 2985 1147 3020 noa
1159 2972 1211 3022 alii.

299 3045 306 3078 ¹
325 3044 366 3094 Fit
375 3043 475 3106 antu]
506 3044 612 3096 Genera
618 3052 685 3104 aunt,
695 3047 753 3096 oleo
764 3052 793 3097 et
862 3049 1021 3112 ‘Reliqunml
1044 3047 1167 3112 Reliquua
1178 3062 1293 3098 rnceuae
1304 3048 1359 3100 alte

268 3119 344 3170 aitiar
363 3117 656 3184 exalugnlirsseueribua
666 3120 697 3171 dt
707 3121 791 3171 oleum
831 3135 980 3188 erroreum,
1007 3124 1062 3174 aive
1082 3123 1245 3188 omphacium
1266 3125 1360 3188 iprum,

268 3193 467 3245 duobuamodla.
830 3199 852 3250 tr
876 3199 969 3260 Vertere.
1000 3199 1115 3251 sedhic
1137 3199 1357 3265 paraudlmodua

299 3275 317 3304 ¹¹
334 3271 447 3335 Dreppo]
463 3270 506 3320 De
516 3270 564 3320 troc
572 3283 667 3336 genere
676 3277 704 3322 et
711 3272 791 3323 uoml·
830 3272 967 3325 obsolevit.

268 3361 301 3398 ue
310 3345 426 3397 dicemur
439 3357 488 3395 xv.
499 3349 525 3395 2.
862 3349 1020 3413 terremur]
1047 3349 1163 3401 Obataut
1190 3351 1267 3416 euim,
1292 3365 1358 3416 quo·

298 3429 311 3455 ¹
328 3423 382 3472 Hor
391 3419 480 3484 uirida]
505 3420 573 3486 Huc,
590 3423 658 3487 quod
670 3433 702 3473 ex
713 3423 792 3489 drop·
829 3423 913 3473 minue
927 3424 1074 3489 aplmeacat,
1089 3431 1256 3490 cogaturque.
1273 3425 1356 3476 ttond-

267 3493 520 3560 patit2lllud,quod
531 3509 563 3547 ex
575 3497 641 3549 alba.
718 3529 726 3546 .
818 3501 939 3566 ‚ouer-ylo
958 3501 983 3551 el
1000 3501 1357 3567 tpdeerelvodmeoedroi,

297 3580 310 3606 0
326 3570 420 3634 liutto]
443 3571 484 3620 De
495 3571 533 3621 hir
544 3572 634 3623 vitium
645 3573 790 3626 nominibua
831 3577 920 3627 olore.
933 3591 975 3627 ιιι.
986 3584 1011 3630 o.

266 3646 379 3696 dicemur
392 3659 448 3696 xiv.
459 3648 485 3694 d.
496 3653 524 3695 et
537 3651 576 3697 ll.
862 3659 874 3685 ⁸
892 3652 927 3703 X.
942 3651 999 3714 Vt]
1022 3653 1127 3704 itenerii
1140 3655 1205 3718 aeui,
1216 3669 1284 3705 aaeea
1295 3662 1355 3706 octo

297 3719 462 3785 thrasico]
488 3721 546 3770 Hoc
570 3727 619 3786 eat,
644 3723 789 3789 incipientis
830 3734 857 3777 et
869 3729 1040 3792 quodraginta
1050 3737 1160 3781 monete
1172 3738 1274 3782 nostre.

266 3811 321 3846 urre
334 3797 483 3860 pubertate,
493 3804 521 3844 ut
533 3795 764 3852 dicernuntur.
860 3809 874 3838 ⁸
890 3804 990 3868 Eodem]
1012 3804 1054 3854 Ad
1075 3813 1207 3871 ungrreuta
1225 3805 1355 3866 facienda,

297 3879 309 3911 t
329 3869 393 3934 Uno]
427 3869 459 3920 lu
470 3869 534 3921 Mar.
546 3869 611 3936 urg.
622 3874 697 3925 colb.
706 3873 789 3927 chiffl.
830 3889 887 3944 qne
899 3895 932 3930 ex
943 3881 1022 3946 aylrie
1029 3889 1163 3948 petuntur.

266 3947 385 4007 ἅῦιᾶῑὺῦ·
396 3945 478 3997 mlt-
860 3956 987 4024 bqurou]
1010 3959 1091 4024 θρύον,
1109 3975 1166 4026 que
1184 3975 1233 4010 vox
1248 3977 1354 4013 mereare

297 4023 434 4086 ‘mettim
458 4023 523 4073 Cum
544 4036 577 4074 ea
603 4021 789 4080 efferaeaeeute
828 4035 1003 4097 auuat,Gallla
1015 4038 1125 4086 Mensae.-
1137 4045 1166 4086 ut
1177 4036 1288 4088 diximua
1297 4053 1354 4102 cup.

266 4109 401 4146 euecoceu
412 4098 506 4162 lanugo
517 4098 633 4164 quedam
650 4101 677 4150 ln
690 4102 788 4154 embito
828 4113 869 4159 tl.
903 4111 925 4159 Α
942 4111 1106 4161 similitudine
1127 4113 1211 4178 alique
1233 4129 1307 4164 uvam
1326 4115 1354 4164 io

265 4171 386 4220 latentur
411 4173 480 4222 raaia
508 4173 657 4241 adhnaerlq
683 4185 738 4228 tum
758 4193 789 4229 ee
828 4186 924 4248 populo
945 4186 1004 4235 albe
1031 4193 1114 4243 vocat,
1137 4193 1192 4238 tum
1214 4188 1264 4240 hee
1286 4190 1355 4253 loco,

266 4247 364 4310 pariter
388 4246 535 4298 demetitur.
566 4249 664 4302 Decuti
682 4253 709 4303 lu
729 4252 790 4305 aub·
830 4262 884 4307 tum
897 4269 977 4309 xxiv.
989 4261 1030 4308 tt.
