3138 4884
296 365 383 445 2002
662 397 693 444 o.
715 395 836 443 rnrun
861 395 1024 446 suenum

297 537 451 622 injuriam
480 537 647 603 celerrime
678 539 824 602 sentiunt
844 537 954 614 mella,
981 537 1036 602 vel
1065 536 1201 602 minimo
1230 543 1382 602 contecto

297 640 383 704 roris
395 635 445 686 ‘4¹‘
460 633 656 702 eees'centie.
701 639 745 701 Et
763 640 807 702 ob
828 637 862 701 id
882 639 964 702 iuter
977 655 1092 720 genera
1114 643 1276 716 servatur,
1291 640 1382 723 quod

298 736 470 832 ecepnon¹
484 745 646 803 vocant.²⁵

338 856 420 903 xvt.
443 839 559 904 Foetus
574 847 740 922 quonam·
761 838 860 903 modo
881 846 1141 922 progenemrent,
1163 859 1283 922 magno
1299 841 1383 905 inter

297 941 444 1004 emditos
455 945 489 1004 et
502 939 633 1004 subtilis
648 939 790 1020 quaestio
804 938 876 1003 luit.
919 936 1046 1022 Apium
1062 942 1149 1006 enim
1164 941 1275 1005 coitus
1292 942 1384 1006 visus

297 1047 350 1105 est
364 1058 542 1121 nunquam.
586 1037 730 1103 Pluresb
745 1039 979 1104 existimavere
994 1046 1168 1123 oportere¹
1189 1039 1309 1105 confici
1322 1040 1383 1105 tlo-

296 1142 389 1206 ribus
405 1141 602 1224 eompositis
617 1147 693 1224 epto
707 1146 808 1223 etque
830 1140 966 1204 utiliter.
1005 1141 1125 1223 *Aliqui
1140 1141 1252 1204 coitu⁶
1272 1145 1382 1219 unius,

298 1244 356 1324 qui
384 1261 444 1306 rex
465 1243 500 1307 in
528 1259 662 1326 quoque
687 1242 873 1324 appelletur
897 1243 1063 1307 examine.
1107 1242 1216 1306 Hunc.
1231 1261 1305 1306 esse
1330 1263 1385 1306 so·

214 1381 229 1388 -·
296 1331 365 1404 lum
394 1360 529 1419 merem,
556 1342 729 1424 praecipuo
758 1340 991 1422 magnitudine,
1019 1362 1061 1406 ne
1097 1341 1240 1406 fetiscat.
1299 1341 1382 1406 Ideo

297 1437 417 1505 foetum
433 1442 503 1504 sine
525 1461 566 1505 eo
588 1461 653 1504 uon
676 1441 751 1505 edi:
785 1460 934 1525 opesque
962 1441 1108 1522 reliques
1135 1453 1292 1523 tunquam
1314 1460 1381 1506 ma·

266 1553 271 1563 ’
297 1559 368 1606 rem
393 1540 548 1605 foeminas
570 1541 733 1618 comitari,
756 1559 822 1605 uon
847 1548 1004 1626 tanquam
1025 1543 1165 1606 ducemt
1187 1561 1286 1624 quam
1306 1561 1384 1625 pro·

297 1640 441 1707 habilem
458 1643 542 1706 elios
558 1643 751 1707 senteutiam
763 1643 911 1707 lincomm
922 1652 1103 1726 proveutus
1113 1644 1273 1725 coarguit.
1297 1640 1382 1721 Qum

297 1743 384 1806 enirn
399 1742 498 1820 ratio,
514 1752 552 1808 ut
566 1744 653 1807 idem
671 1744 781 1808 coitus
799 1743 885 1808 ulios
900 1745 1076 1827 periectos,
1100 1743 1314 1825 imperfectos
1327 1761 1383 1823 gea

296 1850 390 1907 neret
412 1843 525 1907 aliosi
569 1843 714 1926 Propior
736 1862 814 1906 vero
839 1844 928 1926 prior
951 1840 1180 1908 existimtttio‘¹
1218 1841 1323 1919 fieret,
1348 1842 1384 1904 ni

297 1961 410 2006 rursus
425 1943 492 2006 elie
505 1943 685 2008 difficultas
701 1951 895 2010 occurreret.
939 1944 1075 2028 Quippe
1090 1951 1299 2008 naseuntur‘
1321 1942 1382 2006 eli-

295 2043 427 2126 queudo
442 2044 476 2107 in
489 2045 645 2108 extremis
660 2042 746 2108 savis
771 2063 852 2126 apes
867 2044 1068 2125 grandiores,
1091 2064 1166 2128 qum
1188 2052 1318 2110 ceteros
1332 2043 1384 2107 iu·

297 2259 331 2305 ut
348 2253 460 2304 Piutieu.
477 2260 585 2305 aulneto
601 2255 721 2305 orie-to
738 2256 769 2305 In
786 2256 846 2305 edd.
864 2257 978 2307 Gronov.
994 2263 1020 2306 et
1032 2258 1117 2319 rulgg.
1129 2256 1257 2306 adduntur
1267 2255 1384 2313 humli-

298 2317 353 2366 Μ
362 2320 406 2366 mel
417 2333 462 2367 nott
473 2319 517 2384 fit,
526 2321 586 2382 qnod
597 2319 725 2383 iitlymnn
734 2326 780 2380 eet,
790 2323 830 2370 ted
840 2322 913 2370 oculte
926 2326 950 2370 et
961 2320 1091 2369 lulceriine
1107 2321 1254 2382 aptissimum
1264 2320 1385 2368 tristinen·

298 2386 347 2432 ἐν.
379 2381 466 2430 ‘Htee
479 2382 598 2442 periodus
610 2383 635 2431 iu
651 2385 762 2447 entiquie
777 2385 889 2448 exempl.
908 2399 958 2432 nou
977 2384 1123 2446 reperitur!
1139 2384 1247 2433 Pintiott.
1281 2383 1385 2432 ‘Aoo-

298 2446 399 2492 metere
428 2448 611 2508 teutonorum
626 2447 705 2509 thymo
720 2453 754 2496 eet
774 2447 832 2496 Vet.
867 2449 945 2511 Lego,
962 2451 1050 2510 perone
1070 2448 1212 2512 thynum,-
1231 2461 1288 2496 nem
1306 2447 1384 2495 mele

298 2507 388 2570 tlryrno
411 2515 495 2558 uteutn
508 2510 592 2573 potine
603 2509 755 2571 tpeotetut!
771 2512 855 2560 Doleo.

331 2570 398 2620 cir.
410 2585 469 2622 xvr.
501 2577 514 2621 l
532 2573 608 2622 ‘Vet
616 2587 754 2636 procreare,
770 2576 815 2623 elii
828 2575 889 2624 Vet.
900 2575 1029 2638 apportari.
1052 2575 1164 2638 Lepoex
1181 2572 1289 2623 Aristot.
1301 2573 1385 2624 exieti·

791 2683 898 2736 NOTAE

330 2779 343 2814 h
361 2781 478 2831 Contactu
493 2780 567 2843 rorie]
587 2781 630 2831 Sic
651 2780 708 2830 libri
726 2795 822 2831 omnen.
862 2780 953 2830 enitere
965 2795 1070 2842 morem,
1086 2782 1164 2833 Quod
1181 2795 1229 2830 neo
1247 2779 1384 2832 concubitu

299 2858 393 2907 liorem
406 2872 452 2920 pro
463 2857 533 2907 fumo
552 2857 628 2918 dixit,
648 2857 692 2920 qui
710 2871 767 2906 oum
787 2857 823 2906 rei
863 2855 1007 2920 indulgent,
1017 2871 1065 2906 nee
1075 2870 1184 2918 corpore
1195 2855 1386 2916 eegueslnve·

299 2931 409 2994 eulpienr
430 2931 591 2994 edhoereeeit,
612 2930 638 2978 in
660 2943 743 2980 rorem
764 2929 821 2980 fere
862 2945 949 2980 nerem
972 2932 1084 2991 tolruut,
1103 2938 1147 2980 ent
1177 2929 1255 2978 t'oetut
1283 2929 1384 2979 nixibus

298 3005 415 3055 eoieitur.
450 3005 508 3054 Non
521 3005 648 3054 intellexit
660 3005 708 3054 lroe
726 3005 823 3054 Pintie·
862 3005 961 3056 edunt:
979 3005 1076 3055 Verum
1095 3005 1157 3068 ipen
1169 3018 1183 3052 e
1194 3003 1261 3054 follit
1272 3013 1346 3054 netot
1357 3013 1386 3054 et

299 3091 358 3139 true,
369 3081 411 3143 qui
423 3080 479 3141 orie,
492 3079 561 3128 lilerio
572 3079 672 3140 iuvitie,
681 3079 792 3142 reponit.
862 3082 983 3131 euntibus
994 3082 1081 3131 herbie
1093 3081 1147 3130 0re
1156 3081 1260 3142 legunt;
1272 3081 1333 3141 ipre
1346 3094 1385 3128 re·

329 3154 337 3188 ¹
355 3155 425 3209 Quot
435 3152 551 3217 ocopnon]
568 3154 694 3210 Ἄκων,
712 3155 763 3202 titre
777 3155 822 3214 set·
862 3171 920 3219 gent
943 3170 1086 3220 pernoxque
1108 3155 1223 3206 Qniritet
1243 3153 1388 3216 Sufficiunt,

298 3243 345 3292 m,
363 3230 403 3278 vel
414 3229 508 3279 Strelro
523 3238 600 3279 vocet
614 3230 657 3278 lib.
674 3241 715 3278 rx.
728 3243 753 3292 p.
763 3233 822 3278 404).
863 3231 984 3294 euletque
995 3240 1107 3280 etceree
1119 3244 1198 3292 reguo
1209 3228 1338 3293 refiguut'

299 3304 451 3368 ironeam,
463 3321 512 3371 qno
522 3307 624 3355 nomine
636 3306 751 3355 Atticum
771 3307 822 3356 utel
894 3313 905 3339 e
921 3305 1004 3368 Aliqui
1013 3305 1089 3368 eoite]
1105 3305 1187 3353 Ariet.
1199 3304 1249 3353 loe.
1260 3305 1305 3354 cit.

300 3383 423 3446 appellari
433 3382 605 3447 rcribit,quod
617 3382 696 3432 flebat
705 3383 770 3432 eitra
781 3383 821 3432 tu·
894 3378 906 3412 ‘¹
922 3380 996 3428 Prior
1006 3379 1165 3441 existimatio]
1176 3379 1318 3442 Vlrgiliene
1329 3393 1386 3429 ten·

300 3465 418 3506 utum-⁸
429 3457 460 3506 In
477 3457 575 3507 Vitas.
586 3457 693 3508 Joeouie
702 3458 820 3509 Eleemo-
862 3455 952 3515 mutin,
979 3468 1035 3504 uem
1047 3455 1189 3504 retulimut.

301 3543 357 3593 tyn.
369 3530 411 3580 die
426 3543 509 3582 utu.
524 3532 584 3583 Jen.
602 3546 644 3594 ep.
660 3530 779 3580 Bolleud.
795 3546 820 3582 e.
893 3535 904 3562 ⁸
923 3530 1014 3592 Quippe
1022 3529 1162 3591 immutor]
1180 3527 1316 3577 Mutuetut
1329 3527 1385 3578 ltere

204 3619 209 3628 ·
301 3608 327 3654 4.
349 3605 471 3669 inscripto
492 3607 635 3668 leguneulo,
663 3605 736 3654 ‘Mel
756 3606 824 3667 opti·
863 3605 1030 3654 ecolumelle
1050 3617 1088 3654 rx.
1108 3607 1148 3652 tt.
1164 3618 1191 3666 p.
1206 3606 1262 3654 ttt.
1290 3604 1334 3654 ulti
1352 3604 1387 3654 tle

302 3692 381 3739 mum,
390 3679 439 3728 mel
448 3677 825 3730 eiueiunro.¹'E‹l.eee.-Vlde
863 3680 1006 3730 exemioum
1032 3680 1191 3730 incremento
1213 3679 1281 3742 egit:
1307 3681 1315 3707 ⁴
1336 3681 1388 3730 Eo·

302 3753 385 3804 Note·
396 3761 422 3802 et
433 3754 540 3804 Emeud.
552 3769 621 3806 nunt.
633 3759 674 3804 tt.
863 3756 971 3822 demque
981 3756 1114 3820 tempore,'
1130 3756 1223 3818 iuquit,
1239 3758 1247 3785 ¹
1261 3771 1389 3818 progene-

334 3829 444 3878 ⁸Fotet
453 3828 563 3892 pumen]
582 3828 698 3893 Accepta
716 3829 770 3880 lraee
787 3835 826 3880 to·
861 3841 952 3880 rentur
972 3833 997 3880 iu
1015 3831 1134 3880 extremi·
1146 3829 1387 3892 pertibueiarorum

301 3901 381 3954 tidem
410 3904 485 3966 plene
508 3904 591 3954 verbio
623 3919 655 3954 ex
684 3905 825 3956 Aristotele
863 3905 992 3969 ampliori·
1010 3904 1192 3968 meguitudinie
1210 3903 1387 3971 l'oetnr,qneun

302 3976 371 4026 litet.
383 3978 468 4028 Anien.
477 3992 502 4027 v.
515 3983 554 4028 tu.
568 3993 592 4042 p.
603 3983 659 4029 408.
864 3980 915 4028 elut
931 3988 1075 4029 ceterorum
1098 3993 1190 4042 epum:
1207 3993 1304 4043 eoeque
1323 3997 1387 4032 non·

333 4049 459 4116 bPlures]
488 4052 598 4104 Aristot.
623 4055 671 4104 loo.
691 4054 735 4104 eit.
770 4053 825 4104 llot
864 4055 1193 4117 nulllputenteeeeregee.
1224 4055 1388 4121 Verumqui·

304 4125 374 4176 iuter
386 4128 488 4189 po‘e'tiee
506 4129 580 4178 Mero
596 4129 661 4178 ludit
673 4129 770 4190 Georg.
783 4143 824 4180 tv.
865 4128 922 4178 dem
935 4127 1083 4180 Graecorum
1096 4136 1215 4178 auetoret
1226 4129 1331 4192 olorpovr
1342 4145 1388 4193 ep·

271 4227 281 4248 t
303 4206 359 4252 litt.
370 4206 377 4232 ¹
387 4203 462 4253 litum
472 4203 537 4254 edeo
549 4204 824 4269 pltenineepitotmi·
865 4203 972 4269 pellent,
984 4204 1056 4254 obeo
1067 4202 1135 4267 qood
1151 4204 1294 4270 exagitent,
1304 4219 1388 4272 neque
