3116 4890
285 389 373 457 alno
650 405 684 455 o.
709 403 827 454 ouran
851 404 1014 457 sueonor

286 549 377 615 tione
389 548 543 630 gentium.
586 547 677 614 Haeo
700 549 869 632 supplices
893 551 1058 632 attingunt
1068 568 1080 632 ιῚ
1101 549 1144 615 ad
1166 549 1239 614 haeo
1260 569 1375 616 manus

285 650 441 718 tendunt:
463 651 546 728 haee,
574 655 609 714 ut
638 667 725 729 aras,
755 650 911 716 adorant:
933 653 1084 716 fortassis
1111 652 1191 735 quia
1221 653 1308 716 inest
1334 653 1376 716 iis

285 752 448 818 vitalitas.
492 749 650 834 Namque
675 751 711 815 in
740 753 816 834 ipsa
839 769 923 832 gena
952 753 1123 834 utriusque
1150 753 1378 830 commissura,

286 852 407 918 dextra
419 853 586 935 laevaque,
606 870 627 916 a
647 853 756 934 priore
776 859 871 934 parte
886 852 1015 932 gemina
1032 852 1186 934 quaedam
1200 853 1381 917 buccarum

287 953 455 1019 inanitas·
475 954 584 1028 inest:
607 971 674 1036 qun
694 952 860 1036 perfosso,
883 971 944 1015 ceu
964 953 1107 1036 jugulo‚¹
1131 953 1270 1037 spiritus
1292 954 1380 1036 iugit.

287 1052 383 1118 Inest
397 1059 431 1119 et
445 1054 521 1118 aliis
534 1055 688 1138 partibus
703 1053 857 1138 quaedam
879 1053 1014 1136 religio:
1038 1057 1127 1119 siout
1140 1053 1261 1119 dextra
1284 1071 1382 1120 oson-

287 1155 331 1219 lis
347 1172 465 1220 aversa
479 1157 657 1238 appetitur,
671 1156 705 1220 iu
720 1155 786 1219 fide
804 1155 991 1238 porrigitur.
1034 1155 1194 1239 Antiquis
1214 1155 1384 1221 (tractat

287 1255 323 1321 in
342 1255 566 1340 supplicando
586 1265 732 1322 mentum
751 1255 913 1338 attingere
932 1274 1007 1319 mos
1027 1261 1108 1320 erat.
1152 1255 1216 1320 Est
1233 1257 1267 1319 iu
1285 1264 1382 1321 aure⁸

288 1355 359 1421 ima
381 1357 547 1422 memoriae
573 1356 684 1434 locus,
708 1375 806 1440 quem
835 1361 1011 1437 tangentes
1037 1353 1281 1422 attestamur.¹‘¹
1324 1356 1385 1421 Est

291 1461 371 1539 post
385 1475 497 1522 auram
512 1477 607 1541 reque
619 1457 773 1522 dextram
793 1456 999 1536 Nemesion:
1018 1457 1111 1542 (quae
1133 1457 1209 1522 Dea
1227 1457 1382 1522 Latinum

289 1575 411 1622 nornen
438 1576 479 1622 na
506 1558 541 1622 iu
571 1554 764 1642 Capitolio'
782 1556 919 1640 quidem
947 1557 1100 1642 invonit)
1124 1578 1192 1643 quo
1215 1558 1384 1624 referimus

750 1735 933 1760 mennon

326 1867 396 1918 Car.
412 1879 474 1916 erra.
506 1869 520 1916 1
539 1867 796 1930 Grouoaaeajagala
805 1885 815 1928 ,-
832 1869 890 1920 cod.
903 1871 992 1920 llatae.
1004 1884 1047 1920 eea
1058 1869 1172 1932 iugalia
1188 1867 1252 1918 Vel.
1263 1867 1387 1931 ejusdem,

293 1945 335 1980 aaa
345 1931 503 1980 vinealia-tt
521 1930 563 1980 lta
581 1931 659 1982 codd.
677 1934 761 1996 llagg.
780 1934 854 1983 Brot·
866 1940 889 1983 l.
900 1940 925 1984 ὓ.
942 1935 1031 1984 Editio
1049 1936 1178 1996 pulonem,
1192 1941 1219 1982 et
1231 1934 1315 1996 vulga.
1326 1943 1388 1982 aute

294 1994 422 2046 llarduin.
434 1999 578 2045 natuturaar
591 2001 654 2046 velt.
666 2010 708 2060 ap.
722 1997 813 2048 llatae.
831 2005 859 2048 at
876 1996 952 2049 codd.
965 1997 1105 2059 lietduini,
1115 1997 1177 2048 item
1190 1995 1392 2048 nardulum.

792 2155 902 2206 ΝΟΊῈ

330 2272 343 2299 ·
358 2265 491 2315 Baranrara
508 2265 626 2332 iaaaitaa]
663 2266 700 2316 Oa
720 2265 826 2317 femoris
866 2268 1003 2334 antiquus:
1021 2268 1085 2318 Cum
1095 2267 1153 2331 quir
1165 2265 1274 2316 uadatus
1285 2280 1335 2316 nou
1347 2280 1392 2330 pa·

297 2340 420 2392 inferiore
431 2342 470 2391 aui
487 2351 561 2405 parta
578 2343 611 2391 ad
629 2357 712 2406 genua
726 2344 827 2408 gemino
867 2351 946 2406 reret,
963 2343 1072 2408 alioujaa
1089 2358 1103 2392 e
1119 2343 1304 2406 praesentibus,
1314 2355 1392 2406 qoem

299 2416 387 2480 capite
410 2416 481 2466 tibia
501 2416 570 2466 sluaa
594 2417 685 2469 latrat:
706 2419 774 2468 luter
796 2432 828 2467 aa
869 2425 960 2468 taaleni
978 2419 1292 2484 raplebanteaaa,aurern
1305 2422 1394 2480 tanga·

300 2492 388 2554 capita
415 2504 483 2554 pona
511 2493 630 2555 rotulam,
652 2493 827 2552 tiroeinium,
868 2495 941 2558 baut,
959 2496 1083 2556 rogabant
1100 2508 1132 2543 au
1146 2493 1271 2542 antestari
1283 2493 1392 2542 ilcaratr

301 2581 353 2630 qua
369 2579 437 2628 gaon
457 2573 570 2629 constat,
590 2567 701 2630 apuliam
719 2575 760 2616 art
777 2581 828 2617 aru·
869 2585 920 2636 quo
936 2585 1070 2634 eoncerao,
1089 2583 1153 2618 voce
1170 2569 1218 2618 trac
1229 2567 1396 2618 ‘Memento'

300 2643 372 2707 plum
394 2643 528 2692 latitudine
551 2643 667 2705 pollinis:
692 2657 739 2706 par
759 2641 829 2707 qnod
869 2653 964 2698 ataate
980 2646 1113 2710 putabant,
1125 2645 1319 2693 ntmeaulutaaet
1330 2645 1396 2692 atta.

302 2733 363 2768 vara
384 2719 509 2783 ¹uertique
531 2719 562 2768 ad
583 2732 658 2768 arara
679 2725 829 2766 transeunt:
871 2737 926 2772 anm
946 2723 972 2771 in
984 2723 1029 2786 jus
1046 2731 1165 2772 vocatura
1184 2721 1293 2769 uolutare
1311 2719 1396 2783 aequi.

303 2802 414 2858 artatque
424 2794 456 2843 ob
465 2795 655 2843 convulsionem
666 2793 690 2841 in
701 2794 747 2842 hue
757 2802 830 2855 parte
870 2798 939 2848 vtdo
959 2798 1090 2848 Acronum
1105 2803 1133 2845 et
1149 2793 1353 2858 Porphyrionern
1368 2795 1395 2841 ia

303 2869 576 2933 perlcrrloanvulnarn.
599 2866 830 2928 Hoeapartumob
870 2871 934 2920 illud
957 2871 1074 2921 Horatii:
1096 2871 1186 2919 ‘Licet
1206 2867 1353 2922 anteatari‚'
1380 2881 1400 2916 r.

306 2944 500 2993 similitudinem
527 2940 663 3008 quandam,
695 2942 832 2991 buccarum
870 2945 959 2995 Sat-tl.
977 2945 1063 2995 lione
1078 2942 1249 2994 xin‘l'abulla
1266 2940 1399 3004 traginen-

308 3021 458 3070 inanitatem
469 3027 542 3070 vooat
552 3037 558 3071 :
570 3021 640 3084 quari
654 3019 749 3068 baccar
761 3016 834 3068 iuda·
871 3027 925 3070 tum
944 3018 1051 3069 adducit
1068 3017 1223 3081 Porphyrio,
1239 3017 1277 3066 St.
1295 3027 1335 3067 arr.
1354 3029 1398 3066 rvr

308 3103 349 3147 tar
361 3098 475 3148 cavitate
495 3095 610 3146 referat:
629 3109 674 3146 reu
692 3095 835 3158 capitaltla
870 3107 997 3145 vocante.
1016 3092 1325 3145 Franrlamanrrao.
1335 3090 1359 3140 1.
1368 3091 1398 3142 Ρ.

309 3171 360 3222 duo
381 3171 518 3222 brruoaruua
536 3171 589 3221 aiut
610 3170 690 3220 veluti
708 3183 838 3234 necnon,
874 3169 1111 3220 Arumcnrno.
1123 3166 1289 3217 Anamari.
1317 3167 1400 3216 Valli·

309 3253 337 3297 el
349 3246 572 3310 prolabaralioner
586 3243 713 3308 qondam.
873 3243 980 3294 canatur
1000 3251 1085 3294 aratam
1106 3241 1186 3298 auria,
1204 3247 1233 3291 ut
1254 3240 1318 3290 aditi
1336 3255 1353 3290 a
1370 3255 1399 3290 aa

341 3319 482 3383 *Antiqua
494 3317 608 3382 Gracia]
621 3316 782 3380 Exprluritur
793 3317 837 3366 illa
874 3319 1001 3371 adeudive
1026 3317 1165 3368 tantimonil
1187 3317 1332 3366 memoriam
1357 3317 1401 3366 val

308 3410 364 3447 mos
375 3396 407 3445 ab
423 3395 542 3450 Homero,
555 3393 631 3443 Uiti-
640 3397 669 3442 Α·
680 3395 736 3440 ⁵⁰¹·
755 3390 838 3453 ltalia
876 3397 914 3448 ric
925 3404 1095 3447 aaaarvareat.
1130 3393 1197 3444 inno
1209 3407 1242 3442 ea
1251 3391 1318 3443 sorta
1328 3392 1401 3457 apud

308 3466 614 3535 adport'airaiouaili'aro.
627 3465 837 3528 tuit-ddr‘roim
876 3487 922 3522 una
949 3480 1057 3536 recepta
1079 3469 1200 3536 loquendi
1221 3467 1348 3518 formula:
1374 3482 1402 3518 aa

309 3543 835 3613 xxaimdatwippd'dp’duldrrdapaairorlltod·
870 3549 937 3610 saite
954 3549 1014 3598 tim
1036 3545 1133 3599 l'oreiiie
1154 3559 1213 3610 pm
1230 3545 1282 3594 dire
1302 3545 1402 3608 quelque

308 3641 349 3674 aa.
384 3625 439 3687 lpao
458 3623 485 3671 ia
505 3628 627 3687 marpeeta
645 3621 716 3683 tadu,
733 3623 836 3683 temque
874 3625 950 3675 elom.
981 3623 1014 3672 ln
1032 3624 1090 3686 lege
1104 3621 1294 3685 llipuariorunr,
1307 3620 1405 3669 linem

306 3701 448 3765 peremere
459 3699 531 3748 Malla
540 3713 612 3761 gana,
625 3698 712 3746 dextro
721 3697 836 3746 mulcebat
876 3702 926 3765 51.
951 3705 1043 3748 'aurea
1064 3697 1178 3762 torqrrerl
1195 3703 1223 3746 et
1239 3695 1326 3759 alapaa
1344 3695 1405 3744 dari

308 3775 533 3839 aappliceraealam.
877 3771 998 3823 taatlbaa’
1020 3773 1108 3822 solitas
1134 3771 1251 3834 legimur·
1288 3771 1319 3820 ln
1341 3770 1403 3833 lega

339 3858 350 3884 ⁰
369 3847 526 3912 tintinnare]
549 3847 619 3899 llluo
629 3861 717 3898 auram
731 3845 835 3903 vellere,
876 3848 989 3912 Bajarar.
1010 3848 1051 3897 tit.
1072 3853 1110 3897 lt.
1128 3859 1187 3911 cap.
1203 3851 1227 3895 2.
1243 3851 1342 3895 ‘tautae
1351 3859 1405 3910 per

299 3939 357 3989 pro
378 3925 525 3980 admouere.
552 3925 657 3973 dietum.
692 3922 834 3986 virgilias:
875 3922 1090 3973 aarenrtmtos!

308 3999 317 4026 ‘
330 3999 394 4047 Mitt
411 4000 538 4063 Cynthius
549 4014 636 4050 aurern
647 3999 740 4061 Vellil,
751 4006 779 4048 ot
790 3997 835 4048 ad·
906 4005 918 4032 ⁸
936 3997 1069 4060 Nemaea]
1084 3995 1357 4056 Sulriutelligedoeua.

310 4074 426 4123 monuit!
907 4069 917 4108 ¹
932 4073 1062 4139 capitatio]
1075 4072 1105 4122 la
1115 4070 1246 4133 Capitolio
1258 4068 1337 4120 intare
1351 4069 1409 4122 Ne-

341 4145 536 4210 laureatae]
572 4149 663 4198 'lenter
692 4156 834 4212 prorantes
875 4150 967 4199 ureaioa
990 4149 1153 4198 simulacrum
1172 4147 1264 4202 inanit,
1285 4145 1356 4207 quod
1377 4157 1410 4200 et

309 4221 475 4285 appellamur.
508 4223 698 4273 Autariationia
718 4237 773 4272 moa
793 4225 834 4273 trie
875 4225 929 4288 ipre
940 4223 1027 4288 prodit
1038 4221 1162 4286 apertius,
1173 4233 1277 4270 xxvrrr.
1289 4225 1315 4269 t.
