3132 4880
543 369 629 418 aar.
654 368 753 420 nter.
778 369 850 418 ara.
875 369 915 418 x.
936 354 990 419 24.
1224 354 1307 420 186⁵

214 512 302 576 inter
323 511 429 595 ipsos,
446 510 537 576 reiut
557 513 632 578 ideo
653 513 722 578 tela
741 521 863 594 agnata
877 513 1026 578 cruribus
1041 512 1112 576 suis
1127 510 1307 591 intelligen-

213 617 287 676 tes:
319 631 378 676 neo
404 611 480 676 finis
506 631 597 696 saepe
626 614 939 678 commorientibus?
983 611 1082 691 Quod
1114 614 1143 677 si
1171 609 1307 695 palmah

215 713 388 796 contingit,
398 714 511 778 statim
524 715 559 778 in
568 716 711 779 victoria
723 721 854 790 canunt,
866 733 968 796 seque
982 715 1050 798 ipsi
1062 715 1228 798 principes
1240 719 1307 777 tes·

164 831 169 840 ·
215 820 335 880 tantur.
378 811 500 880 Victus
521 816 705 880 occultatur
720 816 833 892 silens,
854 834 1006 898 aegreque
1027 815 1200 882 servitium
1218 815 1307 897 pati·

214 922 283 980 tur.
327 915 371 980 Et
391 915 488 998 plebs
509 912 634 980 tomeni
651 935 748 1000 aeque
771 916 925 998 superbo,
946 916 1091 999 graditur
1112 915 1217 980 ardua
1238 935 1307 978 oer-

213 1016 302 1094 vioe,
319 1016 430 1082 cristis
446 1018 537 1082 celsa
547 1040 556 1078 t
568 1025 590 1068 ³·
612 1018 801 1100 ooelomque
817 1017 890 1082 sola
906 1018 1077 1082 volucrum
1094 1017 1220 1100 aspicit
1235 1035 1306 1080 ore-

213 1117 285 1194 bro,
308 1118 340 1182 in
366 1119 504 1184 sublime
530 1119 670 1183 caudam
697 1138 829 1202 quoque
853 1118 1008 1184 falcatam
1027 1119 1171 1200 erigens:
1194 1116 1305 1200 itaque

215 1218 331 1282 terrori
347 1225 423 1283 sunt
433 1219 534 1282 etiam
545 1217 719 1284 leonibusi
734 1220 875 1284 terarum
890 1219 1164 1303 generosissimis.
1206 1217 1229 1282 J
1231 1225 1306 1282 aru⁴

216 1337 261 1382 ex
276 1319 328 1383 his
345 1320 481 1402 quidam
504 1320 547 1384 od
569 1321 659 1386 bella
680 1326 802 1386 tanturn
819 1330 853 1387 et
867 1321 982 1404 praelia
1003 1320 1142 1386 assidua
1163 1339 1305 1385 naseun-

217 1429 281 1498 tur,
297 1421 421 1504 quibue
435 1421 534 1505 etiam
548 1423 672 1505 patrias
685 1423 909 1499 nobilitarunt,
931 1417 1113 1499 Rhodum}
1135 1439 1175 1486 ac
1194 1421 1305 1486 Tana·

671 1620 683 1638 0
686 1619 848 1640 oeenneuo

214 1749 307 1800 Dalec.
319 1750 426 1814 neustria
435 1752 563 1816 soepaaiei
580 1709 838 1804 amauricum-³
855 1754 946 1816 Margo
964 1750 1024 1802 edd.
1042 1750 1133 1800 Delec.
1149 1755 1177 1799 et
1191 1750 1305 1800 Gronov.

214 1815 406 1879 sepietojamqae
416 1817 544 1868 cataniae
553 1818 649 1881 superbe
657 1834 685 1882 g.
696 1835 719 1870 ιι.
729 1835 751 1870 e.
761 1835 783 1870 e.
795 1818 921 1869 celaia—t
938 1816 1106 1867 Cod.1)alee.
1118 1813 1221 1864 boribus
1230 1815 1303 1864 doni·

212 2060 316 2141 ¹statque
336 2083 392 2126 atro
412 2058 522 2139 pulvere'
537 2078 638 2128 eoeluro.
671 2079 740 2129 Quin
778 2078 829 2130 sir.
844 2077 1089 2129 Ostentatvalidunr
1100 2080 1200 2138 pectas,
1211 2071 1305 2123 fortes-

215 2151 280 2202 adeo
302 2153 438 2216 ignescunt
457 2154 564 2202 stimulis
579 2155 741 2204 discordibus
776 2169 826 2220 que
845 2155 969 2206 lacertost
988 2154 1132 2216 Praeliaque
1149 2148 1236 2199 infesti
1251 2163 1305 2198 ore·

214 2227 270 2292 ire,
287 2227 394 2277 Viribus
410 2229 549 2283 eabauitis,
564 2237 593 2277 nt
612 2243 681 2293 sape
698 2242 741 2279 oe·
777 2231 875 2280 ditatur
903 2231 1020 2280 acumine
1046 2227 1131 2277 rostri.
1166 2224 1305 2288 Arpiniani

213 2302 318 2352 cumbet
339 2301 455 2368 uterque}
477 2306 665 2369 §tornaturque
685 2305 742 2368 pari
778 2308 843 2358 vasti
864 2310 963 2373 qualem
984 2308 1006 2357 si
1025 2305 1092 2355 forte
1116 2305 1213 2366 leones,
1231 2305 1304 2354 Tarne

215 2393 263 2442 per
284 2387 372 2430 mutua
395 2380 501 2431 vulnera
522 2383 584 2431 leto.
616 2383 652 2432 Et
673 2380 742 2446 quia·
778 2383 1050 2435 oblita·suldomltris
1069 2381 1107 2429 rie
1123 2379 1166 2429 illa
1182 2379 1304 2441 terarum,

214 2469 291 2519 qnam
310 2456 420 2528 bumana
438 2455 545 2506 miretur
562 2455 637 2507 clade
656 2457 742 2520 parari
777 2459 936 2523 Terqaiuge
948 2455 1303 2520 mandstsylristeoturapu-

214 2529 363 2594 Imperium,
386 2545 557 2596 proceresque
579 2533 674 2582 animae
697 2533 742 2581 iat·
778 2536 878 2598 dorem,
894 2535 1068 2599 Demittitque
1086 2531 1175 2596 jubae,
1194 2539 1222 2582 et
1243 2546 1304 2583 eau-

214 2605 334 2668 pendare‘
346 2607 467 2671 sceptris,
484 2605 548 2657 Cura
569 2607 632 2662 tanti
649 2607 742 2671 exigna
778 2612 837 2662 riam
849 2611 956 2675 subjicit
967 2609 1042 2660 aluo?

209 2681 318 2745 'surgant
337 2681 371 2732 rie
396 2689 468 2732 corte
493 2684 636 2734 tumultus?
663 2683 741 2734 Nulla
776 2725 780 2736 ,
806 2685 960 2746 thonitrus]
978 2685 1044 2735 Vide
1054 2700 1111 2748 quae
1122 2684 1232 2734 diximus
1243 2698 1304 2734 vrrr.

213 2755 286 2819 quies
303 2771 404 2820 pugna,
424 2756 514 2807 rabido
532 2772 602 2808 mora
623 2757 741 2808 nullasu·
779 2769 817 2814 19.

213 2831 273 2881 rori.
291 2832 740 2899 Nuneerpitlsrubrosepicaenum:
808 2837 957 2903 *Rbodan
981 2839 1081 2888 Colum.
1102 2850 1162 2886 vrrr.
1191 2840 1217 2885 2.
1245 2850 1304 2900 paq.

215 2917 331 2974 tempora
349 2909 447 2975 figunt:
464 2911 573 2964 Lumina
590 2927 658 2963 anna
675 2913 741 2964 t'odi·
776 2919 833 2966 28⁰.
849 2915 1088 2980 ‘Graei‚quoniaro
1098 2925 1304 2977 proceraeorpo·

215 2994 262 3035 unt
284 2986 357 3050 nigro
377 2988 501 3038 stillantia
526 2989 596 3040 tabo.
630 2989 740 3039 Galliae
777 3004 814 3048 ra,
831 2997 859 3040 et
876 2989 1020 3040 animated
1044 2987 1135 3051 prelia
1158 2987 1304 3049 pertinace·

213 3061 313 3110 interea
346 3061 423 3112 tacita
453 3060 587 3114 formidine
616 3071 741 3128 mussent,
776 3063 952 3128 requirebant,
981 3063 1110 3127 praecipue
1133 3061 1304 3125 Tanagricum

215 3133 298 3184 Quem
317 3135 418 3187 fortuna
435 3136 483 3188 sibi
501 3153 588 3202 regern
606 3139 668 3188 velit
684 3153 740 3190 etse
777 3141 900 3206 galiorum
917 3153 1009 3204 geone,
1023 3143 1051 3186 et
1069 3136 1195 3186 Rhodium
1214 3137 1304 3200 proba·

215 3211 353 3277 virumque.
386 3214 462 3264 Alter
484 3221 512 3262 nt
534 3213 742 3278 laterianensis,
776 3217 855 3269 bant:
884 3231 933 3267 neo
958 3215 1041 3264 minus
1066 3212 1252 3273 chalcidicum,
1277 3221 1305 3262 et

213 3287 384 3352 tenebrasque
404 3289 507 3351 petivit.
524 3291 611 3340 Multa
627 3305 741 3354 gemeus,
777 3293 918 3356 Medicum,
938 3290 1005 3356 quod
1031 3288 1064 3339 ab
1084 3287 1207 3351 imperito
1229 3287 1304 3351 vulgo

212 3365 277 3414 solio
290 3365 361 3428 requi
373 3365 440 3428 qood
458 3365 631 3427 pnlrueariti:
652 3367 740 3418 Lauda
775 3369 853 3420 litera
874 3376 974 3420 motata
995 3366 1119 3416 Melicum
1142 3362 1304 3428 appellatur.'

214 3441 402 3502 trimensalter,
421 3441 514 3504 primos
532 3443 645 3492 sublimis
658 3445 682 3492 in
694 3459 740 3494 ua·
776 3448 824 3494 &o
852 3445 926 3494 Petr.
948 3442 1146 3506 Quinqaeraaus
1169 3437 1201 3487 rle
1222 3438 1305 3490 Laud.

214 3515 413 3580 guorangon,
429 3515 562 3581 victorque
580 3532 652 3568 suum
671 3521 741 3570 canit
777 3521 855 3569 Prot.
867 3519 910 3568 lib.
923 3533 954 3570 ιι.
965 3519 1008 3568 tol.
1018 3520 1059 3567 38.
1076 3517 1084 3544 ⁴
1098 3514 1304 3581 Rhodiiquideua

212 3594 269 3658 ipae
282 3589 455 3656 triumphurn?
776 3596 895 3659 generis:
916 3595 1010 3659 inquit,
1032 3593 1111 3642 ‘mibi
1132 3579 1214 3656 gallus
1238 3606 1303 3641 unus

246 3669 257 3704 l
278 3671 347 3727 Quod
363 3669 386 3720 ri
400 3667 491 3733 palma]
507 3669 599 3721 AEliau.
616 3671 687 3722 lllat.
706 3671 740 3723 Α·
776 3671 906 3721 semestris
920 3677 977 3720 erat
988 3669 1092 3730 allatus,
1101 3674 1129 3717 et
1146 3667 1189 3716 ille
1201 3666 1304 3731 quidem

212 3747 274 3798 niro.
287 3761 325 3798 ιν.
336 3751 377 3798 29·
775 3759 827 3796 aen
838 3747 932 3810 exiguo
943 3758 1005 3794 auro
1022 3742 1166 3792 redemtus:
1186 3748 1303 3789 aeteram

212 3855 217 3870 .
244 3825 307 3873 tut
334 3823 398 3888 pleis
431 3824 522 3887 tm]
559 3821 738 3876 Passeratius:
775 3823 802 3872 in
820 3836 852 3872 ea
862 3827 940 3872 atate
954 3829 1004 3870 tarn
1015 3817 1196 3882 magnanimus,
1207 3814 1304 3864 animo·

213 3901 221 3928 ‘
232 3901 365 3964 Principio
385 3899 466 3950 arista
483 3899 597 3963 insignis,
615 3901 739 3966 paleaque
775 3911 826 3963 que
837 3898 870 3947 ad
887 3897 978 3961 praelia
988 3898 1147 3957 conparato,
1158 3895 1188 3938 ut
1198 3901 1230 3938 oe
1243 3889 1302 3940 liee-

212 3977 369 4040 rnbenti‚1it
379 3990 467 4039 gressu
478 3975 620 4041 intrepido,
635 3977 739 4027 caleul-
776 3980 817 4023 ret
827 3973 929 4038 quidem
941 3969 1000 4022 cani
1017 3975 1115 4018 cortem
1131 3963 1238 4026 intrare,
1254 3964 1302 4014 nisi

213 4051 261 4102 bus
275 4066 368 4116 aspera
377 4049 545 4116 duriqcrura
556 4059 649 4114 rueret,
661 4051 739 4102 raris-
775 4052 842 4101 male
854 4047 973 4099 mulctari
984 4043 1076 4094 vellet:
1089 4039 1229 4104 vulgarium
1241 4053 1302 4090 vere

213 4129 352 4190 queoeulia
364 4128 453 4190 procui
464 4127 550 4178 omnia
560 4127 660 4179 lustrat.
676 4128 737 4179 Pie·
776 4125 899 4190 gallorum
917 4133 1089 4190 quoscunque
1108 4116 1302 4187 assequebatur,

214 4203 329 4255 tamirat
339 4203 416 4255 variis
432 4201 574 4268 fulgoribus
589 4202 736 4255 arduaoer·
775 4199 887 4256 oceidit(
