3132 4880
266 401 351 470 lara
470 441 472 446 -
623 415 659 465 c.
681 417 802 467 scinu
826 413 991 466 asconor

267 563 335 627 alte
346 570 367 627 :¹
390 561 520 640 ducem,
533 579 630 644 quem
645 565 839 644 sequnntur,
851 560 995 641 eligunt:
1018 559 1054 622 in
1066 564 1214 625 extremo
1223 561 1351 642 agmine

266 664 447 746 pervices,
470 663 528 746 qui
552 662 746 738 acclament,
771 661 977 744 dispositos²
999 660 1133 738 habent,
1152 667 1188 724 et
1209 662 1268 745 qui
1282 680 1354 742 gre·

267 779 339 846 gem
365 783 449 828 voce
466 763 664 827 contineant.
708 759 903 826 Errcubiasd
931 760 1054 825 habent
1076 761 1246 826 nocturnis
1272 770 1354 826 tem·

266 865 418 946 poribus,
442 863 594 946 lapillum
617 862 703 945 pede
727 861 941 939 sustinentes,
958 863 1016 944 qui
1037 861 1173 925 laxatus
1189 880 1307 926 somno
1319 871 1354 927 ot

267 965 445 1030 decidens³
467 965 706 1045 indiligentiam
720 969 890 1045 coarguat.
935 962 1085 1028 Ceterae·
1108 963 1276 1028 dormiunt
1298 969 1353 1028 ca-

265 1067 335 1148 pite
350 1068 461 1131 subter
475 1068 562 1130 alam
575 1066 723 1143 condito,
738 1065 870 1130 alternis
879 1064 1018 1147 pedibus
1031 1064 1232 1128 insistentes.
1270 1066 1353 1130 Dux

265 1173 373 1230 erecto
388 1167 539 1249 providet
552 1167 651 1244 collo,
678 1186 719 1231 ac
745 1165 908 1250 praedicit.
951 1164 1089 1229 Eaedem
1110 1165 1352 1231 mansuefactae

265 1266 456 1345 lasciviunt,
479 1287 643 1351 gyrosque
667 1266 832 1351 quosdam
857 1265 1014 1330 indecem
1029 1285 1131 1330 cursu
1146 1266 1200 1330 vel
1215 1267 1353 1349 singulae

265 1376 439 1452 peragunt.
485 1369 620 1434 Certum
647 1365 721 1448 est,‘
740 1368 886 1433 Pontum
911 1367 1185 1444 transvolaturas,
1211 1368 1353 1450 primum

266 1471 413 1534 omnium
431 1471 603 1552 augustias
622 1475 746 1552 petere,
766 1473 853 1535 inter
873 1469 939 1533 duc
951 1468 1175 1552 promontoria
1193 1467 1353 1535 Criumet-

267 1587 367 1650 opon,
382 1578 415 1634 et
430 1570 628 1635 Carambin:
649 1587 729 1634 mox
743 1571 880 1636 saburra
895 1569 1063 1644 stabiliri.¹
1106 1567 1190 1633 Cum
1204 1570 1352 1634 medium

265 1671 462 1749 transierint,
483 1671 583 1756 abjici
598 1671 734 1753 lapillos
746 1669 759 1706 ¹¹
773 1690 792 1734 e
808 1669 973 1754 pedibus:
997 1689 1072 1736 cum
1096 1670 1263 1752 attigerint
1274 1690 1351 1735 con·

266 1769 437 1848 tinentem,
452 1779 485 1837 et
499 1791 518 1837 e
532 1778 663 1854 gutture
678 1792 823 1838 arenam.
867 1761 1040 1838 Cornelius
1056 1771 1188 1854 Nepos,
1201 1773 1258 1855 qui
1270 1773 1352 1836 Diri

264 1869 412 1954 Augusti
422 1873 612 1956 principatu
627 1874 721 1952 obiit,
737 1893 811 1937 cnm
835 1874 993 1938 scriberet
1011 1873 1126 1938 turdos
1150 1873 1252 1966 paulo
1274 1881 1351 1939 ante

265 1980 398 2054 creptos
423 1974 574 2056 saginari,
604 1974 740 2052 addidit,
763 1975 913 2040 ciconias
939 1975 1045 2056 magis
1074 1974 1220 2058 placere,
1249 1991 1351 2057 qnam

265 2090 382 2152 grues:
405 2093 480 2138 cum
504 2074 577 2140 haec
601 2095 686 2140 nunc
711 2072 797 2140 alcs¹
819 2076 903 2140 inter
917 2075 1045 2158 primas
1059 2079 1245 2158 expetatur,
1259 2075 1350 2139 illam

264 2191 362 2237 nemo
376 2175 457 2239 velit
472 2176 647 2258 attigisse.⁴

308 2290 426 2338 xxxi.
448 2275 596 2344 ciconiae
612 2269 756 2361 duonum
771 2277 882 2341 eloco
902 2276 1047 2353 veniant,
1062 2282 1123 2340 aut
1136 2295 1204 2360 quo
1218 2295 1254 2341 se
1268 2277 1352 2341 refe·

264 2379 346 2455 rant,
370 2374 631 2460 incompertoml'
655 2376 764 2442 adhuc
788 2383 852 2440 est.
897 2377 928 2440 Ε
956 2377 1136 2461 longinquo
1160 2377 1271 2442 venire
1285 2395 1351 2441 non

715 2570 895 2595 omme}

297 2701 363 2755 Car.
375 2718 443 2757 axx.
477 2709 489 2754 l
509 2706 608 2761 Quando
622 2706 802 2772 proficheantar
817 2705 939 2766 menan
953 2706 1042 2762 colat,
1052 2705 1116 2766 adp.
1127 2705 1177 2754 alta
1187 2703 1248 2754 Vct.
1260 2704 1349 2754 Dalec.

263 2773 312 2818 -2
329 2767 413 2819 cnrffi.
425 2770 528 2832 agmine,
540 2785 584 2834 per
594 2772 700 2834 caenae
713 2773 868 2820 “clamanter
878 2770 1056 2833 dispositos-³
1073 2769 1133 2817 Vct.
1146 2767 1237 2817 Dalec.
1253 2769 1293 2830 pai
1303 2770 1349 2816 lor·

264 2832 324 2882 tatia
333 2847 412 2882 mnrac
421 2833 545 2892 decidam
562 2832 646 2885 chiffl.
658 2835 699 2898 qai
707 2835 820 2900 malac,
830 2837 919 2898 trra-4
935 2834 997 2884 Vet.
1008 2834 1100 2882 Dalec.
1112 2831 1168 2881 ertit
1179 2831 1294 2893 tetigisse.

294 3103 453 3170 “Excutiam
477 3107 578 3158 Solinus
593 3107 643 3158 loc.
661 3109 707 3159 cit.
725 3109 786 3158 Pin·
826 3107 892 3172 ploti
904 3120 973 3170 rape
985 3119 1018 3156 aa
1037 3106 1081 3154 illc
1100 3119 1162 3154 caan
1178 3104 1260 3155 imbrs
1276 3120 1349 3158 aara-

262 3180 690 3249 rarcn.desnerr.nntm.p.ser.
708 3183 786 3234 Baril.
826 3185 874 3235 tili.
905 3184 1004 3234 Araura
1030 3197 1079 3234 non
1105 3185 1176 3248 priua
1204 3191 1349 3248 revomunt,

261 3255 288 3304 in
299 3256 425 3306 Heaadnr.
438 3259 532 3307 Hamil.
543 3273 603 3308 vrrr.
613 3273 639 3322 p.
649 3262 704 3310 tto.
825 3277 900 3329 quarn
910 3275 1009 3312 accurre
1018 3261 1086 3311 aedis
1095 3275 1148 3311 ana
1156 3259 1271 3310 tuerint!
1282 3261 1350 3310 ilec-

294 3331 425 3393 ‘Celffd
442 3330 635 3382 Atili-1⁰⁰·elt·
824 3337 876 3388 tior
893 3335 1011 3392 dixisset,
1029 3351 1103 3401 quarn
1120 3336 1295 3386 continentem
1310 3345 1349 3385 at·

293 3403 304 3436 ¹
318 3406 416 3454 (lenm
426 3406 474 3470 erl]
491 3405 591 3456 eninm
602 3405 691 3457 lindam
702 3407 785 3458 formo
824 3414 939 3478 tigerlnt.
954 3412 1112 3464 Vidathar
1124 3411 1348 3463 attinendum.

262 3479 475 3541 veronenses.
823 3492 868 3538 2⁶.

293 3563 307 3598 ε
322 3556 384 3604 Moe
393 3557 592 3622 andam1801ini
604 3560 783 3625 paraphrasin
855 3562 863 3596 ¹
879 3564 939 3613 Gaas
950 3565 999 3613 lroec
1014 3578 1075 3613 aaac
1090 3564 1151 3626 cler]
1169 3563 1211 3612 Da
1231 3575 1294 3626 gros
1313 3563 1349 3612 ln·

261 3629 331 3680 ‘Sub
341 3631 449 3693 quodam
464 3633 562 3684 milities
578 3635 741 3699 enutriatur
757 3641 785 3686 et
823 3637 920 3702 quitur,
936 3653 986 3688 non
999 3639 1032 3688 da
1051 3639 1160 3689 ciconia
1193 3637 1349 3687 Intermer-

261 3719 295 3756 aa
311 3708 520 3772 pergentibnrad
534 3711 663 3761 destinata
682 3712 720 3761 ria
738 3710 783 3762 tla-
823 3729 906 3764 rarum
917 3716 1034 3778 dellclaa,
1046 3728 1121 3779 gruaa
1137 3715 1255 3777 Melicas,
1266 3713 1349 3763 exin*

261 3787 333 3832 tunm
357 3784 499 3847 renitatur,
522 3799 612 3836 arenas
641 3785 782 3838 derorautr
824 3792 880 3840 aula
889 3791 960 3841 Melo
972 3791 1104 3848 adrectae,
1120 3795 1237 3840 numerat
1247 3789 1348 3838 Gallica

261 3856 423 3924 anblatiaque
438 3859 557 3924 lapillulis
568 3862 607 3912 'ad
626 3861 783 3913 moderatam
824 3871 925 3917 rrr.1tl.
958 3866 1036 3916 Adde
1056 3867 1148 3916 Horat.
1157 3879 1188 3916 rr.
1207 3865 1262 3914 Sat.
1273 3869 1298 3912 8.
1307 3869 1348 3914 8⁶.

261 3933 413 3994 gravitatem
425 3935 608 3986 saburrantur!
823 3941 992 3990 ‘Maacucrnc
1014 3943 1088 4006 pueri
1104 3954 1197 4006 magno
1216 3939 1349 4005 discerpta

293 4005 402 4068 ¹²Alitet
418 4013 521 4077 millu]
546 4013 665 4064 Soliunar
692 4013 783 4064 ‘cum
823 4013 938 4064 faramea
948 4016 1068 4066 Membra
1078 4017 1164 4080 gruta.'

260 4085 470 4136 coutramedinm
483 4089 784 4140 alrsam'adventaracsa
852 4090 861 4133 l
884 4089 1066 4155 laronpoetaar]
1098 4091 1222 4144 albertus
1249 4092 1288 4142 Μ.
1315 4092 1349 4142 da

260 4157 354 4214 salunt.
363 4161 540 4224 scrupulorum
551 4165 650 4214 sarcina
662 4164 741 4228 pedes
754 4164 783 4213 li·
823 4162 936 4214 Animal.
957 4176 1043 4216 xxrrr.
1065 4166 1099 4217 da
1118 4167 1233 4230 ciconiis,
1250 4181 1276 4232 p.
1290 4171 1349 4217 ⁰10.

261 4229 369 4284 beraut:
386 4234 516 4287 itanantae
526 4237 705 4302 prodiderunt,
715 4252 784 4290 cam·
823 4239 918 4308 sorec
927 4241 1031 4309 autem‚'
1042 4243 1134 4310 inquit,
1148 4245 1218 4295 ‘nou
1229 4251 1269 4295 eat
1279 4257 1348 4295 cour·
