3132 4880
242 305 328 370 1912
607 321 638 366 c.
664 317 781 368 rnrnrr
805 317 970 368 encunnr

243 465 367 530 distare
391 463 657 528 existimarentur
680 461 823 541 omnino,
845 463 909 526 nisi
933 460 1086 525 saucibus
1101 460 1187 543 ipsis
1209 461 1333 529 inesset

245 566 380 630 alterius
402 562 533 628 uteri¹b
564 583 679 646 genus.
724 562 804 625 Huc
835 564 946 626 omnia
977 561 1179 644 inexplebile
1209 564 1334 629 animal

245 666 400 748 congerit,
416 665 499 729 mira
513 673 552 728 nt
566 666 611 728 sit
621 665 806 746 capacitas.
850 663 938 726 Mox
952 663 1099 745 perfecta
1112 666 1243 746 rapina,
1257 685 1333 730 sen·

246 767 310 831 sim
324 765 400 830 inde
413 767 448 829 in
462 785 502 828 os
524 764 661 840 reddita,
676 765 711 827 in
726 781 838 828 voram
863 765 974 827 alvum
990 770 1003 799 ²
1025 766 1218 830 ruminantis
1242 785 1334 834 more

245 867 363 931 refert³
408 865 521 930 Gallia
535 865 596 928 hos
620 865 875 946 septemtrionali
893 866 1046 947 proxima
1068 884 1196 930 oceano
1220 865 1334 932 mittit.

291 983 412 1030 nxvrr.
428 967 467 1030 ln
478 966 650 1050 Hercynio
660 974 672 1002 ⁰
684 964 873 1030 Germania
886 966 974 1030 saltu
989 963 1172 1030 invisitata¹
1185 964 1199 1002 ⁶
1214 986 1334 1050 genera

233 1068 359 1134 ¹alitum
373 1069 579 1151 accepimus,
594 1077 732 1149 quatum
757 1066 877 1150 plumae
891 1066 1014 1149 ignium
1030 1067 1127 1131 modo
1143 1069 1331 1135 colluceant

244 1170 411 1233 noctibus.
455 1168 497 1232 ln
513 1168 631 1230 ueteris
645 1167 726 1230 nihil
739 1175 859 1248 praeter
874 1168 1078 1232 nobilitatem
1090 1168 1332 1252 longinquitate

246 1270 380 1348 iactam,
394 1268 639 1333 memorandum
656 1269 808 1334 occurrit.
1308 1303 1310 1306 -

288 1373 454 1451 (xnvrrr.)
477 1368 693 1433 Phalerides·
707 1370 739 1432 in
751 1368 906 1434 Seleucia
921 1369 1131 1446 Parthorum,
1142 1375 1175 1434 et
1188 1369 1221 1433 in
1235 1368 1334 1449 Asia,

246 1473 473 1555 aquaticarum
498 1470 753 1535 laudatissimae:
776 1488 889 1534 rursus
916 1467 1118 1535 Phasienae‘
1134 1472 1167 1534 in
1196 1470 1332 1537 Colchis

246 1572 394 1655 geminas
415 1591 457 1636 ex
479 1572 591 1655 pluma
610 1590 708 1635 aures
731 1570 936 1648 submittunt,
965 1571 1213 1653 subriguntque.
1257 1569 1292 1634 N
1295 1579 1332 1636 n*

247 1674 380 1740 midioen
389 1683 404 1721 ⁸
418 1676 453 1739 in
467 1680 562 1758 parte
573 1673 697 1739 Atrion
708 1671 882 1750 Numidia,
891 1691 1069 1755 omnesque
1080 1672 1193 1756 jamin
1209 1671 1334 1738 ltaliae

704 1903 886 1926 mmet

280 2073 347 2123 Cea.
365 2085 440 2122 uxrr.
471 2075 483 2120 l
503 2071 593 2121 Deice.
601 2069 691 2120 nentrie
702 2084 748 2130 pro
759 2071 879 2120 uteri-2
896 2070 982 2118 Purm.
994 2069 1095 2130 inferum
1105 2068 1131 2118 ie
1141 2069 1275 2118 alm—a
1292 2069 1336 2120 Ite

249 2137 326 2188 eodd.
345 2136 483 2197 Herdnini,
500 2149 558 2186 eum
577 2133 637 2184 edd.
656 2135 782 2183 Herduin.
802 2139 824 2182 1.
836 2138 859 2184 1.
870 2139 895 2185 t.
906 2135 1002 2182 Miller.
1018 2134 1123 2197 Bipunt.
1134 2127 1161 2182 e't
1174 2133 1262 2182 Franz.
1274 2149 1336 2184 more
1419 2186 1423 2196 ,

242 2203 325 2261 fertur
342 2201 400 2278 uod.
420 2193 510 2251 Dulce?
526 2201 592 2248 modo
610 2199 685 2259 desem
702 2199 762 2248 Vet.
782 2198 870 2248 Dalec.
887 2201 953 2246 medo
970 2200 1044 2256 retem
1062 2197 1176 2247 Gronov.
1192 2207 1218 2247 et
1230 2199 1263 2247 el.
1274 2206 1336 2248 ente

249 2263 451 2378 Hgffssfnssmss
486 2334 497 2377 1
516 2326 559 2376 lta
574 2324 650 2374 eodd.
671 2327 842 2404 Regmllrct.
859 2327 923 2390 Reg.
942 2319 1066 2374 Haedi.
1086 2331 1113 2374 et
1124 2323 1209 2374 chiffl.
1220 2303 1336 2375 inadtrito

249 2393 314 2454 Reg.
326 2393 406 2440 llerd.
417 2396 441 2440 2.
453 2393 513 2441 Per.
524 2391 557 2440 el.
570 2407 610 2453 ap.
622 2390 749 2440 Hnrdnru.
760 2399 821 2439 rtem
833 2389 893 2440 edd.
905 2397 970 2438 vett.
982 2389 1094 2438 Gronov.
1109 2389 1234 2440 lierdnln.
1248 2395 1270 2440 l.
1279 2394 1303 2440 1.
1311 2393 1337 2440 t.

249 2456 345 2506 Miller.
356 2457 462 2520 Bipont.
474 2463 501 2504 et
512 2455 653 2504 Frena—²
669 2454 730 2504 vet.
743 2455 832 2505 Deles.
843 2454 951 2517 omnique
959 2452 1012 2513 ,iem
1023 2453 1048 2504 ia
1061 2453 1143 2503 ltalia.

737 2633 843 2686 NOTAE

250 2761 313 2810 tiore
337 2761 434 2810 olorum
460 2759 605 2816 simillime,
631 2761 773 2824 enjnmodt
812 2765 853 2810 10.

250 2836 390 2887 arefactam
403 2837 514 2886 nnumin
523 2838 615 2886 Museo
626 2838 772 2887 nostrul’e·
844 2834 856 2869 ‘¹
872 2836 1001 2886 landun
1013 2836 1152 2901 [inusitate]
1174 2837 1217 2888 Ite
1229 2839 1293 2901 lieg.
1309 2841 1335 2887 1.

247 2913 347 2961 rislensl
369 2925 541 2962 mserrnmrn:
572 2926 650 2976 genna
671 2913 772 2963 unirer·
813 2913 1100 2975 Parle.&c.lleg.l.et
1112 2911 1337 2964 chimissinum.

247 3000 303 3036 enm
325 2987 382 3036 eino
398 2987 560 3051 inexplebile,
584 2995 611 3037 et
630 2988 712 3038 altero
729 2988 772 3037 illo
845 2995 857 3022 θ
884 2988 1033 3052 Pluleridee]
1060 2989 1093 3038 In
1120 2989 1282 3038 Suessionum
1309 2994 1337 3038 et

249 3063 328 3112 ueluti
347 3071 430 3125 utero,
441 3077 519 3126 snpra
534 3062 611 3113 fidem
629 3078 734 3128 capace,
746 3065 771 3114 in
812 3063 979 3115 Bellovesum
997 3079 1058 3128 egro
1075 3061 1235 3128 frequentes,
1247 3064 1340 3114 Piettee

247 3137 365 3192 saucibus
377 3139 437 3201 ipris
448 3138 569 3188 donatum
581 3154 596 3187 e
608 3146 708 3190 uetare.
726 3140 773 3189 Fe·
812 3141 889 3202 vulgo
912 3153 1005 3190 nomen
1025 3138 1130 3198 hebent,
1148 3141 1168 3188 ei
1191 3139 1336 3188 Bellunium

247 3213 345 3274 hnlorn,
355 3222 384 3262 nt
394 3214 515 3270 dlrimne,
531 3215 585 3262 aler
595 3228 625 3262 ee
636 3221 685 3278 ert,
696 3229 771 3278 quem
811 3215 937 3276 eudimus,
949 3227 993 3263 ιιι.
1012 3218 1051 3265 ru.
1083 3214 1151 3263 Vide
1169 3213 1252 3264 Nutu
1263 3223 1290 3264 et
1301 3214 1335 3262 E·

248 3289 365 3338 Peliceni
393 3301 494 3351 qnoque
523 3289 625 3337 nomine
660 3289 772 3351 pictores
810 3291 1029 3341 mend.rrnm.ti.

247 3363 410 3426 adumbrant,
431 3363 519 3414 elicito
538 3379 553 3412 e
575 3364 772 3428 tinnungulus
844 3367 1007 3431 fferam]
1025 3366 1195 3416 oeream.
1222 3361 1337 3414 dPlreel

247 3442 326 3491 rostri
337 3443 403 3502 eeie,
418 3441 501 3504 pullos
511 3441 544 3490 nd
556 3441 634 3491 ritem
652 3456 771 3493 revocen·
812 3443 963 3494 colchorum
976 3455 1059 3505 amne,
1072 3441 1109 3492 eir
1121 3441 1274 3505 appellatae:
1297 3439 1337 3490 rel

247 3516 528 3566 tem—‘Frustresnnt
540 3517 683 3568 Bucherius
696 3528 771 3581 perte
811 3519 879 3582 quod
896 3518 948 3566 illic
965 3515 1114 3566 abundent:
1134 3516 1174 3565 rel
1193 3516 1262 3579 quud
1277 3515 1336 3564 inde

246 3590 359 3642 secunde
371 3591 403 3640 de
415 3591 499 3642 duim.
512 3605 543 3641 ιι.
555 3597 595 3643 21.
607 3607 663 3657 pag.
674 3597 731 3644 215.
742 3602 771 3646 et
811 3593 844 3642 eh
876 3593 1034 3656 Argonautis
1068 3592 1176 3655 primum
1207 3591 1335 3640 adrectae.

137 3689 140 3696 ⁴
244 3667 405 3716 Aldrornnd.
428 3678 486 3716 xrx.
509 3676 536 3716 et
558 3681 607 3718 xx.
629 3669 672 3733 qui
693 3671 769 3722 aliam
810 3669 1000 3721 martiatum.
1017 3673 1058 3718 11.
1077 3669 1118 3717 cui
1135 3668 1235 3723 titulus,
1251 3667 1336 3715 ‘Phe-

245 3757 318 3793 erem
330 3743 425 3807 signari
437 3756 504 3793 nnuc
523 3757 538 3792 e
554 3743 639 3794 Plinio
658 3747 769 3808 putent.’
809 3745 895 3794 elanus
905 3743 922 3795 ι’
942 3745 983 3794 vel
995 3744 1091 3808 potine,
1102 3743 1246 3792 ‘Phasiane
1257 3743 1310 3791 eris
1319 3741 1338 3792 :'

247 3817 351 3868 Edeee.
809 3818 914 3883 'Argoa
925 3820 1032 3883 primurn
1042 3833 1097 3868 rum
1107 3825 1282 3880 transportato
1293 3831 1336 3867 ea·

276 3890 289 3928 b
303 3892 411 3942 Alter-ies
420 3893 494 3956 uteri]
511 3894 625 3944 Alterius
642 3894 702 3954 elrl,
714 3895 770 3946 aire
809 3895 881 3945 riuer
905 3896 976 3945 Ante
986 3895 1046 3944 milri
1057 3899 1145 3944 netum
1156 3892 1192 3941 ull
1204 3893 1253 3942 niel
1266 3893 1334 3944 Phe·

245 3966 378 4034 ingluviei,
391 3984 406 4017 ι
425 3984 485 4019 rere
503 3972 570 4032 alre,
585 3971 685 4036 deque
700 3987 768 4036 mox,
810 3970 843 4020 eis
854 3969 927 4020 erat.’

245 4041 381 4092 discreta:
403 4046 582 4096 ruminantium
595 4061 673 4097 more.
841 4055 854 4092 t
870 4048 1015 4110 Numidica]
1032 4049 1098 4098 llaec
1108 4047 1175 4098 Afra
1186 4048 1242 4097 eris
1252 4039 1336 4100 llore-

276 4125 288 4179 ε
302 4117 332 4168 le
343 4118 477 4183 flumin]
494 4121 595 4172 Solinus
607 4137 666 4186 rep.
685 4127 726 4172 20.
742 4139 767 4188 p.
809 4123 849 4180 tii,
860 4122 1001 4174 Numidica
1009 4123 1157 4176 Columella
1169 4137 1232 4178 ιιιι.
1243 4128 1267 4174 1.
1279 4139 1335 4189 quer
