3142 4882
272 417 358 484 2036
571 463 574 472 ,
634 435 666 481 c.
691 431 809 480 rursm
834 431 997 480 snounnr

273 579 451 660 permeant,
467 573 604 657 diraque
619 574 805 637 messibusr
827 577 1006 653 contegunt
1026 572 1139 648 nubo,⁹
1158 572 1262 637 multu
1275 591 1351 636 oon·

274 685 368 744 tuctu
396 675 587 740 adurentes:
618 676 727 740 omnia
748 692 826 740 vero
856 693 966 738 morsu
995 672 1180 750 erodentes,
1202 677 1235 736 ot
1262 671 1353 736 fores

274 772 406 861 riuoquo
430 783 596 842 tectorum.
641 775 772 839 ltaliam
795 782 857 838 αι’
882 772 998 838 Africo
1021 775 1166 838 maximo
1190 779 1354 838 coortoo¹⁰

270 878 440 954 infestant,
457 897 547 961 serpe
560 876 686 961 populo
701 875 744 939 ud
766 876 930 958 Sibyllino
945 881 1066 941 coacto
1087 873 1251 939 remedio‘
1272 893 1354 938 con·

271 979 395 1060 lugere,
411 981 535 1062 inopiae
550 985 651 1042 metu.
697 975 735 1038 ln
750 975 955 1060 Cyrenaica*
972 976 1103 1058 regione
1116 975 1172 1040 lex
1186 974 1285 1042 etiam
1300 983 1354 1040 est

270 1087 319 1144 ter
331 1099 417 1143 unno
432 1079 618 1144 debellandi
634 1097 704 1155 ees,
720 1079 825 1162 primo
840 1097 905 1142 oro
918 1077 1132 1148 obterendo,¹¹
1155 1076 1274 1140 deinde
1289 1076 1354 1140 foe·

271 1188 352 1258 tum,
372 1187 536 1263 postremo
557 1181 705 1246 adultas:
728 1179 903 1244 desertoris
923 1197 1023 1263 poeno
1044 1179 1079 1242 in
1099 1197 1186 1255 eum,
1202 1177 1260 1262 qui
1281 1197 1353 1242 oes-

270 1283 405 1348 severit.
451 1283 494 1346 Et
509 1283 543 1346 in
565 1281 689 1346 Lemno
710 1280 818 1345 insula
834 1287 924 1345 corto
942 1297 1095 1343 mensuro
1111 1277 1274 1362 praefinita
1289 1287 1351 1358 est,

270 1401 371 1464 qnam
386 1381 505 1464 singuli
525 1389 734 1446 enecatarum
749 1378 793 1444 ad
806 1380 1016 1462 magistratus
1029 1378 1179 1444 tolerant.
1223 1378 1353 1444 Gracu-

269 1482 322 1546 los
351 1491 507 1567 qnoque'
536 1483 580 1547 ob
609 1481 644 1546 id
674 1482 799 1557 colunt,
829 1479 969 1544 adverso
998 1482 1114 1544 volatu
1140 1491 1352 1546 occurrentes

270 1601 380 1648 earum
403 1585 516 1648 exitio.
561 1582 690 1647 Necare
713 1588 748 1646 et
773 1581 808 1645 in
834 1579 932 1664 Syria
955 1580 1091 1646 militari
1113 1581 1273 1664 imperio'
1295 1600 1351 1645 oo-

720 1789 881 1813 ”menon
884 1792 898 1811 O

270 1923 361 1974 ebibite
377 1925 471 1988 legitur
485 1925 511 1974 rb
527 1925 586 1974 etld.
598 1932 662 1976 vett.
678 1931 706 1975 et
720 1926 884 1975 Granum-⁹
900 1923 984 1975 Codri.
995 1926 1085 1975 Dslee.
1095 1931 1123 1974 st
1134 1922 1218 1978 chiffl.
1229 1925 1352 1989 uirumque

269 1989 380 2037 messibus
389 2005 410 2038 s.
419 1989 577 2039 subere-10
593 1989 658 2038 Cori.
669 1989 759 2038 Deles.
778 1990 882 2038 mmm
899 1989 1063 2038 mione-ll
1082 1989 1146 2039 cod.
1167 1989 1258 2038 Deles.
1276 1991 1352 2052 prins

269 2051 440 2112 maritima·
457 2049 541 2103 enini.
557 2053 635 2116 primo
656 2068 699 2103 m
717 2053 850 2103 obterendo.
884 2053 956 2110 Mox,
971 2049 1030 2102 eod.
1050 2051 1140 2102 Dslee.
1159 2053 1200 2116 qsi
1217 2055 1350 2103 murrii.-

759 2197 864 2249 Now

299 2291 435 2356 ‘Dimqse
461 2294 584 2358 meritus]
611 2294 677 2346 Num
702 2293 789 2358 irnges
829 2292 1009 2355 decernerent,
1018 2293 1129 2344 carmine
1144 2293 1293 2360 pierumque
1308 2295 1351 2345 sle-

267 2369 431 2434 populsntnr,
442 2379 513 2421 ntex
530 2371 602 2421 Livio
620 2385 678 2421 mox
695 2377 794 2420 eonsu-
829 2368 1020 2433 scriprs,qnsle
1039 2367 1102 2417 iliud
1122 2367 1182 2431 fuit,
1198 2370 1265 2434 quod
1284 2371 1350 2419 idem

268 2446 317 2494 bit.
829 2443 1073 2495 reeitstlib.xxrx.
1091 2449 1181 2508 niti.
1216 2445 1351 2496 ‘Quando

296 2521 421 2571 'ltaliam
439 2523 482 2585 en]
505 2521 591 2570 Livius
612 2520 658 2572 lib.
677 2534 744 2570 xmr.
765 2537 793 2584 p.
829 2519 1350 2582 eumquebostisslienigensterreltsiiee

268 2599 325 2644 578.
360 2597 552 2645 ‘Ioenstsrnm
573 2601 652 2645 tenta
674 2595 792 2644 nubere
828 2590 1350 2655 bollumintnlisset,enmpellilulisrin·

267 2671 330 2720 rnsri
351 2679 428 2720 sento
448 2678 556 2734 repente
578 2671 604 2719 in
624 2670 743 2734 Apulisnr
762 2670 791 2719 ii·
828 2667 901 2731 cique
924 2682 1008 2731 posse,
1028 2669 1049 2716 si
1069 2678 1150 2716 meter
1172 2667 1242 2717 ldses
1267 2669 1352 2717 Pessi·

267 2746 408 2799 intersunt.
426 2751 455 2794 ut
472 2746 632 2794 examinibus
647 2747 698 2794 snis
717 2759 792 2808 egros
827 2749 908 2792 nnnte
931 2743 1034 2792 Romam
1057 2743 1165 2794 sdveots
1190 2744 1273 2793 esretss
1305 2745 1350 2793 Sis

266 2823 320 2872 iste
347 2821 487 2885 operirent.
522 2822 563 2870 Ad
589 2835 665 2886 quern
693 2828 791 2884 pestem
826 2831 892 2866 enno
908 2819 989 2880 primo
1008 2819 1067 2868 belli
1084 2820 1186 2883 Punici,
1201 2820 1257 2870 Diti
1274 2820 1350 2868 Petri

267 2895 370 2960 frugum
393 2895 550 2958 tollentium,¹
571 2897 618 2946 ire.
657 2895 743 2946 Etiam
765 2899 791 2946 in
827 2891 880 2940 indi
892 2893 924 2940 srl
934 2892 1073 2943 Tarentum
1084 2909 1116 2944 ex
1129 2901 1259 2960 precepto
1271 2895 1349 2944 libro·

268 2971 431 3020 Germaniam
452 2971 636 3036 Potoniemque
657 2972 792 3034 involem,
828 2981 882 3016 rum
894 2967 1074 3032 Sibyllinorum
1094 2967 1168 3034 teeti,
1183 2969 1350 3020 eoderuret'e·

267 3046 420 3110 scriptorum
448 3047 599 3096 testimoniis
618 3047 790 3111 compluribus
826 3051 899 3094 rente
908 3045 934 3094 in
946 3045 1066 3109 Epitorne
1077 3046 1121 3096 lib.
1133 3058 1211 3095 xmx.

267 3119 363 3184 probet
389 3119 501 3184 Msjolns
530 3121 630 3186 Colloq.
653 3136 679 3171 v.
702 3137 728 3185 p.
750 3126 791 3172 76.
858 3119 917 3166 'In
937 3119 1080 3183 Cyrmica]
1099 3120 1176 3170 Forte
1194 3120 1349 3184 pestilentie

268 3196 368 3247 Qunier
379 3197 451 3244 suuis
461 3197 737 3262 singuilsqninqulesve
753 3199 790 3246 iu·
826 3201 905 3244 moin.
944 3192 1036 3244 Refert
1061 3195 1128 3244 enim
1155 3195 1238 3246 Julius
1266 3196 1350 3246 Obse-

267 3270 385 3320 credibiil
407 3271 565 3319 loensrsrnm
587 3269 655 3319 nube
679 3271 790 3320 'l'ereslo-
826 3283 917 3334 quens,
931 3283 955 3318 o.
974 3273 1015 3318 ⁹⁰.
1032 3268 1063 3318 P.
1082 3273 1197 3333 Plautio,
1211 3272 1350 3322 M·l·*nlsio

267 3359 326 3393 nem
345 3345 413 3393 risten
434 3344 557 3407 oppidum
580 3359 718 3408 sgrnruqns
741 3346 790 3394 cir·
827 3345 898 3395 Coss.
911 3346 1193 3410 ioemtemmisgemis
1208 3348 1309 3409 agmins
1323 3347 1350 3396 in

268 3419 423 3481 cnmjeetum
443 3418 538 3480 obtegi,
558 3417 640 3466 refert
661 3419 791 3469 Teucrus·
827 3419 917 3470 Assios
943 3433 959 3468 s
981 3427 1057 3470 renio
1085 3421 1110 3470 ln
1134 3435 1205 3471 mers
1227 3421 1352 3486 sleJeetss,

268 3492 331 3546 rius,
342 3491 469 3556 ebrietur,
481 3499 542 3542 tom.
562 3506 583 3541 r.
600 3493 789 3544 uiuentibus.
826 3495 997 3560 littoribusque
1015 3496 1123 3560 ejectas,
1135 3497 1213 3547 oslore
1228 3497 1351 3548 ininterr-

267 3581 294 3631 p.
306 3571 361 3618 lb'i.
380 3581 424 3616 ess
442 3567 535 3617 deinde
550 3575 628 3618 vento
645 3569 671 3618 in
688 3569 791 3620 deserte
827 3573 872 3621 biii
882 3573 991 3635 Cyrenis
1002 3571 1135 3623 mortifero
1144 3588 1239 3638 rspers
1248 3589 1349 3638 [rerem

266 3643 323 3693 locs
333 3642 426 3707 abripi,
438 3643 523 3708 ibique
533 3644 647 3694 interire.
827 3648 1000 3710 pestilentium
1026 3647 1120 3697 secisse
1146 3649 1244 3712 pecori,
1270 3650 1352 3698 borni·

300 3721 308 3751 ¹
322 3719 362 3768 Ari
374 3719 490 3783 Sibyllino
501 3727 579 3770 coorto
595 3721 707 3784 remedio]
726 3722 790 3772 Cnm
826 3738 935 3786 numque
946 3735 1022 3774 occo.
1032 3725 1111 3773 millis
1119 3731 1252 3774 consumis
1264 3726 1333 3775 tube.

266 3793 413 3844 insensibilis
425 3795 550 3856 pernicies
567 3795 651 3859 sitque
662 3797 790 3860 liempnb.
858 3806 869 3830 ¹
888 3799 1112 3863 Grsrstorqrroqse]
1131 3799 1350 3850 Ceruioniernnre

267 3869 414 3933 inussisset,
424 3871 496 3934 urrjus
507 3885 556 3921 neo
566 3885 652 3936 conse,
663 3885 711 3922 ner
723 3872 790 3931 linis,
826 3891 922 3940 genere
933 3879 986 3928 svis
997 3887 1037 3928 est
1049 3880 1168 3943 merulus
1179 3886 1292 3928 veterum
1302 3879 1350 3928 bs·

268 3945 435 4007 iureniretnr,
455 3945 520 3996 Livii
537 3946 620 3996 serbis
636 3954 695 3997 ntor
711 3963 726 3997 e
745 3949 790 4000 lib.
827 3953 955 4002 tinorum:
977 3966 1022 4002 nos
1043 3955 1150 4004 cneum
1171 3968 1301 4014 vocemus,
1321 3961 1351 4002 nt

268 4029 294 4064 v.
308 4033 333 4080 p.
344 4023 385 4069 ol.
396 4020 454 4068 libri
465 4019 580 4083 Sibyllini
591 4035 624 4070 ex
634 4024 663 4072 S.
679 4024 709 4073 C.
726 4023 791 4072 ssliri
827 4035 898 4076 recte
910 4027 1042 4076 Bellonius
1062 4027 1182 4078 edmonet
1198 4042 1236 4077 vr.
1247 4033 1271 4078 3.
1290 4034 1317 4078 et
1326 4034 1349 4078 7.

268 4093 393 4143 solebsnt·
420 4096 519 4147 Quibus
537 4098 669 4161 inspeetis,
682 4099 792 4150 Decem·
826 4101 892 4150 Vide
905 4101 989 4151 Notos
998 4111 1026 4150 er
1038 4103 1145 4151 Eruend.
1156 4118 1225 4153 num.
1237 4109 1277 4153 lii.

269 4167 326 4221 riri.
337 4181 401 4232 quos
412 4183 490 4232 penes
501 4172 588 4220 borunr
601 4173 723 4223 librorum
735 4189 792 4224 cns·
858 4183 874 4208 '
891 4175 997 4224 Militari
1018 4175 1127 4238 inperio]
1156 4178 1204 4227 Cn.
1226 4178 1349 4228 Sicinium

269 4241 339 4292 rodis
350 4241 408 4298 intr,
419 4243 566 4297 referebsnt
577 4262 634 4314 quse
645 4249 663 4298 ii
678 4249 791 4299 “medis
828 4251 970 4300 Preiorem
986 4249 1156 4316 designetum,
1167 4267 1223 4303 sum
1241 4255 1349 4317 irnperio
