3132 4880
272 394 359 462 1874
637 415 670 462 o.
694 414 814 462 nurum
839 412 1003 462 encuunr

316 571 450 623 xxxu.
474 555 582 624 Simili
608 575 741 620 anseres
765 575 901 639 quoque
930 564 964 620 ct
990 513 1098 619 olores
1120 552 1250 616 ratione
1271 569 1360 614 com·

271 667 401 726 meant:
431 662 490 726 sed
516 660 633 724 horum
657 658 792 723 volatus
819 659 980 724 comitur:
1003 655 1238 719 liburnicarum
1261 651 1360 715 modo

272 766 415 826 rostrato
437 761 564 842 impetu
580 758 739 836 feruntur,
760 757 893 823 facilius
906 758 955 822 ita
976 756 1131 821 findentes
1145 753 1236 829 aere,
1260 769 1360 835 quam

272 863 303 926 si
331 867 421 926 recte
447 861 553 925 fronte
576 860 799 942 impellerent:
833 864 966 940 atergo
991 857 1115 923 sensim
1139 855 1298 918 dilatante
1324 871 1361 914 se

272 969 402 1026 cuneo·
423 961 598 1044 porrigitur
613 978 743 1040 agmen,
759 960 915 1042 largeque
927 956 1107 1041 impellenti
1118 955 1285 1036 praebetur
1300 971 1360 1014 an-

171 1089 175 1098 ·
271 1081 327 1126 rte.
371 1060 471 1126 Colla
485 1062 657 1143 imponunt
671 1059 936 1143 praecedentibus
951 1079 959 1122 ε
974 1059 1081 1122 tensos
1092 1056 1195 1120 duces
1206 1054 1251 1119 ad
1265 1061 1361 1133 terga

272 1162 442 1244 recipiunt.
486 1158 766 1226 Ciconiaenidosb
788 1159 929 1224 eosdem
942 1153 1360 1242 repetuntrgeuitricum¹⁰

271 1269 441 1326 senectam
465 1263 605 1326 invicem
629 1261 783 1325 educent.
829 1260 966 1324 Olurum
991 1254 1116 1323 morted
1137 1261 1285 1320 narratur
1299 1253 1358 1316 fle·

270 1361 490 1440 ediscentes,
505 1362 635 1446 (salso,²
648 1369 681 1425 ut
696 1362 860 1444 arbitrem)
881 1362 1007 1442 aliquot
1023 1357 1267 1441 experimentis·
1311 1353 1359 1417 Ii·

157 1525 163 1540 ,
271 1461 345 1526 dem
361 1468 498 1526 mutuae
514 1481 612 1526 carne
626 1470 800 1526 vescuntur
814 1461 897 1523 inter
910 1479 957 1524 se.

722 1607 907 1629 ”moun

302 1672 368 1724 Cer.
382 1685 473 1722 xxxii.
508 1678 522 1721 l
541 1673 632 1724 Delec.
643 1675 833 1735 gattarum-2
851 1673 972 1737 Ejusdem
985 1670 1167 1729 codemsulein'

762 1823 869 1873 NOTAE

301 1917 456 1967 ⁸Dilutmttc
474 1934 499 1967 re
520 1919 602 1982 muco]
631 1921 668 1969 Ut
688 1917 794 1969 formam
833 1934 908 1983 qrram
919 1918 1021 1968 veritati
1034 1916 1135 1965 demum
1147 1913 1265 1974 deceruit,
1276 1911 1357 1960 vindi·

266 1994 352 2042 literar
372 1992 522 2042 Graeeorum
540 1995 695 2057 meJ'uecnlre,
719 2009 794 2057 quem
833 2001 892 2043 ceto
911 2008 1050 2057 cycnorum
1075 1999 1164 2053 cautu,
1181 1989 1357 2052 exemplirque

266 2065 365 2128 Adit&
378 2074 479 2126 vocant.
500 2069 639 2118 velentium
651 2083 742 2134 agmen
756 2085 795 2120 re·
833 2069 981 2118 recentibus
995 2067 1155 2120 confirmato,
1173 2065 1281 2114 Thomna
1291 2063 1357 2112 Bar·

267 2143 344 2192 terat.
377 2144 488 2200 eonem,
498 2151 527 2194 ut
537 2157 613 2194 nemo
629 2145 742 2208 ignorat,
760 2147 794 2195 de
832 2143 952 2200 mettum,
963 2142 1083 2204 singulari
1095 2155 1176 2203 opere
1189 2140 1220 2188 de
1233 2141 1356 2202 Cycnmn

266 2217 431 2266 multitudiue
455 2219 620 2281 pugnantium
642 2219 747 2282 dicitur,
769 2223 793 2270 in
832 2219 897 2280 §dt
907 2220 937 2268 ed
949 2221 989 2267 54.
1006 2218 1079 2267 luter
1090 2215 1232 2264 Perieratii
1244 2214 1357 2262 carmine

266 2292 340 2341 cunei
351 2291 458 2342 formam
471 2292 585 2356 redacte,
596 2307 651 2358 quae
663 2303 758 2344 cuncta
768 2297 793 2344 ln
832 2301 905 2342 extet
925 2308 1001 2343 unum
1019 2299 1060 2342 eat
1074 2298 1217 2345 venrrrtum,
1235 2290 1268 2338 de
1286 2289 1357 2337 olore

265 2367 322 2416 acte
344 2366 426 2430 primo
446 2368 591 2431 augustior,
606 2368 699 2417 deiude
718 2371 794 2419 latior
832 2368 885 2416 rive
904 2383 995 2432 cycno,
1018 2368 1077 2416 ltel-
1094 2367 1154 2417 Jen.
1172 2367 1232 2414 anui
1252 2369 1357 2414 1496.-

264 2442 391 2503 procedit,
404 2449 510 2491 auctore
522 2443 641 2505 Vegetio.
832 2444 839 2469 ⁸
850 2441 955 2505 Verum,
964 2451 991 2492 ut
1001 2442 1110 2503 ingenue
1119 2441 1213 2501 dicam,
1223 2439 1289 2503 quod
1299 2453 1355 2487 een·

297 2516 309 2549 ⁵
327 2519 433 2566 comta
444 2517 525 2580 afflet]
550 2518 654 2581 Gmper
674 2519 791 2569 Heideli·
832 2516 877 2578 tio,
895 2515 998 2564 dediere
1010 2515 1111 2565 vatibus
1127 2515 1183 2564 aliie
1196 2515 1356 2564 occasionem

263 2603 322 2650 nur,
330 2587 355 2640 in
364 2592 489 2641 lincomio
501 2591 652 2653 ciconierdu
660 2591 792 2655 Amphitlr.
830 2587 955 2652 fingenda
967 2588 1061 2638 fabulae
1073 2589 1105 2637 de
1113 2603 1207 2638 canore
1225 2589 1299 2651 cycni
1312 2602 1356 2635 vo-

264 2665 327 2726 Stp·
345 2664 417 2714 Suet·
436 2679 462 2728 p·
481 2669 538 2715 ⁴⁴2.
557 2666 687 2716 ‘ciconia
707 2667 791 2730 primo
830 2664 942 2721 ce,illud
957 2664 1056 2728 Virgilii
1075 2664 1100 2712 iu
1119 2664 1173 2712 Ecl.
1186 2667 1275 2712 imit.
1289 2662 1357 2710 vide·

263 2737 381 2799 pretioue
391 2738 506 2787 adventu
526 2746 640 2789 retorem
653 2740 738 2789 aidum
751 2756 790 2791 re·
829 2746 887 2789 turz
904 2738 913 2766 ‘
921 2741 1000 2800 vare,
1012 2746 1081 2788 tuum
1092 2753 1214 2788 nomen..
1225 2774 1231 2788 .
1241 2739 1355 2787 Canten-

262 2812 346 2875 petit:
364 2826 440 2876 quem
452 2814 473 2862 ei
484 2814 587 2878 quidem
599 2816 698 2864 tetrum
712 2823 739 2865 et
754 2817 790 2866 in·
829 2821 868 2863 tet
880 2813 990 2863 eubltme
1010 2813 1095 2862 ferent
1112 2814 1144 2861 ed
1164 2813 1249 2862 ridere
1261 2811 1355 2876 cycni)

262 2886 387 2935 columem
409 2886 517 2951 invenit,
538 2887 655 2938 collectir
673 2889 789 2952 hyberno
828 2889 863 2936 Et
879 2888 942 2937 illud
962 2903 999 2938 tt·
1015 2893 1055 2938 td.
1072 2889 1152 2937 ‘Nem
1171 2903 1255 2952 neque
1272 2889 1355 2938 adhuc

262 2960 314 3008 nitu
341 2960 469 3022 cordibus,
488 2963 576 3012 atatim
599 2963 731 3028 repurgat,
751 2967 790 3015 in·
828 2965 898 3013 Vero
908 2965 1005 3028 videor,
1013 2979 1061 3014 nec
1070 2965 1157 3014 dicere
1167 2963 1249 3012 Cinna
1257 2963 1356 3026 Digna,

262 3039 426 3100 tteuretquer
444 3036 483 3086 eiu
496 3037 604 3087 rariore
622 3039 710 3104 aliqua
728 3055 789 3091 ren·
827 3040 873 3089 aed
889 3047 995 3103 argutos
1010 3041 1203 3103 interstrepere
1216 3053 1291 3089 auter
1302 3040 1354 3089 olo·

262 3116 346 3160 torum
369 3119 525 3176 tempeetate
541 3113 672 3177 dejectum
695 3118 790 3180 cernit,
828 3115 886 3166 rea'
919 3116 954 3165 At
964 3129 1013 3165 nou
1022 3122 1082 3166 aunt
1093 3115 1131 3164 ibi
1141 3116 1226 3179 cycni,
1238 3116 1291 3165 rire
1302 3116 1355 3163 olo·

262 3187 385 3237 ramentis
397 3189 467 3239 illico
487 3203 519 3237 ex
537 3190 607 3252 egris
631 3192 789 3257 paluetriqne
828 3204 878 3253 ree,
889 3191 982 3241 elitet:
1001 3192 1046 3239 aed
1065 3191 1114 3253 ipri
1135 3197 1196 3239 tuot
1213 3195 1294 3253 vetet,
1310 3189 1355 3252 qui

262 3261 321 3309 nire
333 3263 509 3326 comportatie,
519 3264 709 3326 porrectionem
720 3267 788 3316 eadit
828 3266 935 3327 ‘cycni'
951 3273 978 3314 et
993 3264 1112 3320 ‘olorem’
1131 3270 1240 3327 propter
1259 3263 1362 3313 cendo·'

261 3349 328 3384 noro
339 3335 400 3384 nido
412 3336 541 3400 occupet!
557 3337 653 3386 Cetera
667 3339 701 3387 tbi
714 3340 788 3390 vide:
828 3353 898 3388 rem:
916 3349 943 3389 et
966 3340 1081 3402 ‘arguti'
1098 3339 1184 3400 iidem,
1203 3339 1257 3388 aire
1274 3341 1352 3387 ‘ceu-

262 3409 305 3456 rix
314 3409 381 3458 enim
392 3409 587 3474 diciquicqnem
605 3413 750 3462 accuratim
762 3417 788 3464 tn
828 3415 932 3477 tentee‚'
953 3423 1060 3480 prepter
1078 3414 1184 3476 potuim.
1224 3414 1301 3464 Unde
1321 3414 1353 3462 eb

260 3482 322 3530 illud
346 3491 524 3546 argumentum
537 3493 633 3546 potent.
665 3486 732 3537 Vide
750 3497 788 3539 et·
828 3489 940 3540 Horatio
956 3489 1055 3552 ‘arguti
1067 3489 1151 3552 polita
1162 3489 1170 3512 '
1180 3489 1311 3550 dicuntur,
1321 3503 1353 3551 gt.

261 3557 312 3604 iam
325 3557 417 3606 AElien.
430 3557 500 3608 Hiet.
515 3558 600 3608 duim.
613 3573 655 3610 ιιι.
663 3564 703 3610 28.
828 3565 877 3626 Ep.
888 3567 963 3614 29⁰.
984 3564 1051 3616 ‘Qut
1063 3567 1146 3614 minue
1159 3574 1263 3628 argutoe
1275 3570 1354 3615 vexat

293 3631 483 3694 ⁰(icrrt'trieuutJ
511 3631 593 3682 Ariet.
614 3633 683 3684 Hiet.
702 3636 789 3687 Anim.
828 3637 898 3690 furor
919 3641 968 3690 itte
988 3640 1101 3703 podteei'
1140 3641 1262 3705 Aliequin
1284 3642 1352 3690 enim

211 3751 220 3770 ,
261 3719 302 3755 rx.
313 3710 354 3755 id.
367 3721 392 3769 p.
405 3710 477 3756 1048.
494 3713 521 3757 et
530 3707 631 3758 Solinus
642 3709 690 3760 loc.
701 3713 745 3762 cit.
826 3713 852 3762 id
865 3714 966 3764 diceret
977 3716 1109 3779 Virgilius,
1126 3715 1194 3780 quod
1206 3729 1279 3764 nemo
1291 3721 1352 3764 ante

292 3780 305 3814 ‘¹
323 3781 420 3829 Olorem
429 3783 513 3846 morte]
529 3781 696 3834 Arittotelem
709 3788 786 3849 rugit·
827 3787 910 3851 ipenm
923 3788 1055 3852 prodidit:
1071 3804 1165 3852 cycno·
1178 3789 1245 3838 enim
1258 3791 1283 3838 iu
1296 3790 1352 3838 rite

260 3855 309 3915 lat,
322 3855 365 3918 qui
376 3855 564 3918 experimentis
575 3857 674 3921 aliquot
683 3869 787 3910 centum
826 3877 936 3925 cenere;
953 3879 1011 3913 cum
1028 3867 1052 3914 iu
1071 3873 1154 3916 morte
1172 3869 1280 3928 teritum,
1297 3865 1354 3914 Pli-

261 3927 357 3976 olerum
370 3929 512 3978 certissime
522 3931 715 3994 comprobatum
727 3936 788 3984 ecri-
829 3937 872 3987 nio
881 3938 1253 4001 qrridemteete‚flcbilieeorum
1262 3949 1353 3990 cantur

260 4001 299 4051 bit
316 4002 381 4050 libro
395 4005 439 4054 cit.
458 4009 567 4068 cap-ld.
589 4019 614 4068 p.
626 4011 698 4057 1045.
732 4009 787 4061 Rei
827 4021 955 4074 narretur,
971 4015 1069 4079 aliquot
1086 4017 1288 4078 experimentia3
1306 4017 1352 4065 red

233 4073 236 4084 '
260 4081 302 4124 cet
318 4089 350 4123 ee
369 4076 576 4141 dirmapauttbur
588 4082 656 4130 inter
667 4097 694 4132 ee
705 4085 787 4146 scrip·
828 4087 871 4150 (ut
883 4095 953 4136 recte
962 4089 1065 4153 censet)
1076 4089 1165 4139 talaia)
1185 4093 1230 4140 Ed.
1241 4107 1287 4140 aer.

261 4157 346 4201 terum
373 4153 508 4202 cententiie
542 4153 639 4206 dudum
670 4158 784 4221 agitate:
859 4162 962 4212 elr'detu
972 4163 1063 4227 matur]
1079 4165 1160 4215 Arirt.
1178 4166 1250 4218 litet.
1266 4167 1352 4216 Anim.
